3856 5038
450 555 539 624 lxviii
955 573 1134 622 rastede.

449 731 505 790 and
528 732 602 789 frore
627 728 702 786 what
729 730 805 800 time,
830 749 870 787 we
895 729 960 788 read
980 749 1011 788 as
1035 729 1163 788 followse
1185 737 1202 764 “
1218 725 1326 785 Dicunt
1354 721 1430 800 quod
1456 723 1595 781 Priorissa
1614 721 1649 778 de

451 827 653 888 Clerkenewell
667 827 762 885 feffata
776 827 830 884 fuit
843 828 901 886 xiiii
913 829 993 886 annis
1007 829 1108 905 elapsis
1130 826 1164 884 de
1185 824 1259 884 dono
1275 823 1417 900 hlargerie
1431 821 1465 879 de
1481 819 1602 896 Ripariis
1616 817 1650 876 de

449 925 478 982 vi
488 925 603 1000 virgatis
617 933 690 982 terre
704 932 732 982 et
742 923 856 982 dimidie
866 925 895 982 in
910 923 1083 982 Newenham
1097 925 1127 980 in
1141 941 1240 998 puram
1254 929 1283 978 et
1296 925 1457 996 perpetuum
1470 915 1650 974 elmuosinem

450 1041 515 1078 eum
529 1021 649 1097 quodam
664 1020 773 1078 redditu
786 1039 880 1080 annuo
893 1021 959 1078 xxiii
974 1021 1126 1080 solidorum
1139 1029 1168 1076 et
1181 1020 1209 1076 ri
1225 1018 1410 1076 denariorum.
1453 1013 1544 1072 Terra
1556 1021 1650 1090 preter

396 1131 398 1134 '
450 1118 591 1176 redditum
614 1118 688 1176 valet
710 1118 738 1176 xl
760 1117 874 1178 solidos.
916 1118 989 1176 Item
1013 1119 1090 1195 prior
1111 1117 1146 1176 de
1167 1117 1366 1193 Bissupeagate
1387 1111 1485 1170 habirit
1504 1112 1534 1168 in
1554 1110 1650 1168 eodem

449 1211 517 1270 villa
530 1219 641 1270 eentum
656 1211 788 1270 solidatas
803 1219 875 1269 terre
888 1221 916 1269 et
927 1210 1051 1270 redditus
1065 1210 1184 1268 dodone
1200 1209 1318 1267 lloberti
1331 1209 1457 1286 Aguilun
1469 1210 1529 1286 jam
1542 1227 1561 1266 x
1570 1207 1650 1268 annu

451 1308 553 1385 elapsis
569 1309 613 1366 vel
628 1309 757 1386 amplius,
771 1319 800 1366 et
813 1308 945 1366 deffendit
959 1329 1011 1385 pro
1026 1308 1141 1366 dimidio
1155 1307 1236 1364 feodo
1251 1307 1375 1366 militis.'’

491 1405 556 1464 The
565 1405 676 1464 charter
686 1407 719 1465 of
728 1405 875 1484 Margaret
890 1406 925 1463 da
941 1404 1058 1463 Reriers
1073 1406 1103 1462 in
1116 1404 1216 1462 favour
1230 1405 1263 1462 of
1274 1403 1321 1463 the
1336 1422 1464 1482 nunnery
1475 1403 1508 1462 of
1516 1401 1650 1463 Clerken·

450 1501 522 1570 well,
537 1521 568 1560 as
582 1503 628 1560 far
637 1521 669 1560 es
681 1502 796 1579 regards
811 1501 859 1560 the
873 1511 937 1560 rent
950 1500 1025 1561 from
1038 1501 1086 1559 the
1095 1520 1195 1560 maner
1209 1501 1242 1558 oi
1251 1500 1432 1570 Nouariam,
1447 1501 1471 1558 is
1485 1499 1582 1577 copied
1592 1499 1651 1556 inte

450 1599 499 1656 the
511 1598 643 1674 Registar
657 1600 690 1657 of
705 1599 768 1658 that
782 1599 892 1666 Hense,
907 1597 1055 1657 contained
1076 1600 1104 1656 in
1116 1598 1163 1656 tbe
1179 1599 1284 1658 Cotton
1299 1597 1369 1657 Ms.
1384 1597 1531 1668 Faustina,
1547 1597 1581 1654 Β.
1596 1613 1651 1667 xi„

452 1696 509 1754 ond
523 1697 657 1773 Dugdale
668 1697 719 1755 has
733 1697 855 1755 inserted
868 1715 886 1756 a
899 1696 979 1756 short
992 1696 1183 1756 abbreviation
1197 1695 1230 1754 ot’
1240 1697 1277 1752 its
1289 1703 1416 1754 contenta
1429 1695 1459 1752 in
1473 1693 1521 1752 the
1537 1693 1654 1752 Mones·

450 1793 536 1862 ticon,
552 1814 582 1852 so
596 1793 742 1852 mutilated
755 1813 786 1852 as
800 1803 830 1852 to
843 1793 926 1854 make
939 1795 963 1852 it
981 1793 1192 1870 unintelligible,
1212 1795 1234 1850 it
1253 1793 1337 1870 being
1350 1791 1503 1869 applieable
1517 1799 1547 1848 to
1560 1809 1578 1848 a
1591 1799 1655 1850 rent

451 1890 526 1946 from
553 1900 609 1948 two
635 1910 748 1948 mauors
772 1891 801 1949 in
831 1891 1035 1960 Oxfordshire;
1066 1891 1186 1969 hemely,
1218 1889 1375 1948 Neunhem
1404 1890 1574 1966 courtenay,
1598 1886 1654 1946 end

452 1986 587 2064 Heysord
611 1987 737 2054 Warine,
766 1985 858 2044 which
878 1987 934 2044 last
958 2005 1055 2044 maner
1075 1985 1131 2043 hod
1156 1987 1226 2042 been
1250 1985 1317 2043 held
1336 1986 1374 2065 by
1404 1986 1451 2046 Sir
1476 1983 1601 2042 'shomss
1621 1983 1655 2042 de

452 2082 585 2150 Bmsute,
611 2081 727 2139 brother
751 2081 784 2138 of
814 2081 863 2140 the
891 2081 1030 2139 aforesaid
1065 2081 1217 2150 Fulmina,
1245 2083 1302 2142 ond
1328 2083 1384 2142 had
1411 2082 1459 2140 the
1483 2082 1599 2159 adjunet
1625 2081 1659 2140 of

451 2181 569 2238 Warine
590 2181 664 2237 from
695 2179 731 2236 its
752 2178 858 2256 having
878 2179 949 2236 been
970 2179 1004 2238 oi*
1025 2179 1073 2237 the
1095 2179 1267 2238 inheritanee
1288 2181 1321 2240 of
1342 2181 1392 2238 her
1412 2179 1514 2250 father,
1538 2180 1655 2240 Woriue

453 2277 517 2336 Fitz
533 2277 650 2336 Garold.

493 2373 664 2432 “Omnibus
686 2373 796 2432 Christi
817 2373 945 2432 fidelibus
966 2373 1002 2433 ad
1023 2393 1093 2451 quos
1115 2393 1229 2451 presens
1245 2375 1378 2451 seriptum
1392 2375 1558 2452 pervenerit,
1574 2374 1654 2434 Mar·

451 2478 552 2548 gareta
572 2469 606 2527 de
621 2470 774 2528 liedeveris
796 2471 914 2529 salutem
928 2472 956 2528 in
976 2470 1101 2532 Domino
1114 2483 1247 2531 eternam.
1291 2474 1432 2532 Noveritis
1446 2493 1491 2531 me
1505 2473 1613 2532 dedisse
1627 2481 1656 2531 et

453 2569 626 2626 concessisse
640 2567 737 2626 etheo
756 2577 834 2627 eerta
854 2587 916 2626 mea
936 2569 1117 2628 confirmasse
1134 2571 1162 2628 in
1176 2571 1244 2649 ligia
1258 2580 1391 2649 potestate
1404 2579 1433 2631 et
1446 2570 1580 2630 uiduitate
1594 2589 1656 2630 mea

453 2681 505 2739 pro
521 2665 609 2721 salute
622 2663 714 2722 anime
732 2683 793 2721 mee
813 2672 842 2721 et
863 2665 950 2741 patris
964 2666 1018 2724 mei
1032 2673 1060 2723 et
1074 2667 1170 2723 matris
1182 2686 1244 2724 mee
1257 2677 1286 2724 et
1301 2667 1453 2726 Baldewini
1468 2668 1518 2726 filii
1532 2669 1586 2726 mei
1600 2669 1657 2744 pri·

451 2762 586 2837 mogeniti
600 2769 628 2818 et
642 2762 762 2820 eliorum
775 2781 924 2839 puerorum
937 2782 1064 2822 meorum
1079 2763 1142 2822 Deo
1152 2773 1180 2822 et
1194 2765 1274 2823 beate
1289 2763 1382 2823 Maria
1395 2765 1429 2822 de
1442 2764 1657 2824 Clerkenewelle

451 2867 480 2916 et
493 2859 660 2918 monialibus
674 2861 778 2918 ibidem
792 2861 856 2919 Deo
872 2862 1055 2920 servientibus
1077 2862 1106 2920 in
1129 2881 1229 2938 puram
1251 2871 1279 2920 et
1302 2871 1464 2939 perpetuam
1477 2861 1656 2918 elemosinam

452 2957 657 3036 quinquaginta
671 2959 804 3018 solidatas
819 2961 905 3037 quieti
920 2958 1043 3017 redditus
1059 2959 1088 3016 in
1102 2959 1236 3016 auxilium
1249 2959 1286 3016 ad
1300 2956 1475 3016 vestiendum
1489 2963 1656 3014 conventum

451 3054 578 3129 ejusdem
600 3055 664 3124 loci,
686 3056 760 3114 unde
782 3054 885 3113 eisdem
908 3065 1003 3112 tenear
1028 3054 1062 3112 de
1084 3062 1251 3110 testamento
1267 3053 1359 3110 Alieie
1374 3053 1408 3110 de
1423 3051 1540 3120 Chuni,
1561 3055 1657 3112 matris

452 3170 524 3220 mea,
547 3153 691 3208 annuatim
713 3150 913 3226 percipiendas,
938 3149 1074 3215 videlieet,
1097 3151 1126 3204 iu
1151 3151 1273 3206 manerio
1287 3149 1321 3206 de
1337 3148 1508 3210 Newenham
1523 3169 1576 3209 xxv
1592 3152 1657 3210 soli·

456 3246 544 3314 datas,
560 3247 673 3316 scilieet,
688 3245 734 3304 De
748 3246 768 3303 J
770 3245 879 3306 ohanne
891 3245 983 3322 Algar
996 3253 1025 3301 et
1038 3244 1187 3304 heredibus
1202 3246 1258 3303 suis
1272 3245 1351 3304 xii⁰¹¹¹³
1365 3246 1468 3306 solides
1481 3267 1530 3326 per
1544 3267 1657 3308 annum

454 3342 504 3402 De
517 3341 648 3400 Johanne
663 3342 784 3402 Pessore
797 3342 858 3401 iiis.
900 3342 947 3401 De
962 3341 1088 3399 Waltero
1106 3342 1233 3420 Golding
1247 3344 1276 3403 iii
1285 3366 1308 3403 s.
1350 3346 1396 3404 De
1411 3345 1545 3404 Muriello
1559 3348 1656 3406 relicta

458 3439 545 3496 Fabri
570 3439 631 3499 iiis.
673 3438 720 3498 De
751 3439 846 3498 Sailde
874 3440 907 3497 de
930 3437 1024 3519 Wylse
1047 3447 1075 3497 et
1099 3439 1234 3500 Muriella
1247 3443 1266 3499 ii
1276 3465 1301 3502 e.
1342 3442 1387 3501 De
1411 3443 1533 3502 Matilda
1559 3445 1656 3502 relicta

455 3535 590 3612 Gregorii
604 3537 643 3594 xii
657 3535 793 3594 denarios.
834 3537 881 3596 De
906 3537 1030 3598 Ricardo
1055 3539 1156 3616 Crispo
1178 3539 1253 3598 xiid.
1295 3540 1333 3600 Et
1355 3542 1383 3600 in
1408 3544 1530 3600 manerio
1544 3562 1606 3601 meo
1622 3543 1656 3600 de

456 3631 591 3710 Heylord
604 3653 660 3692 xxv
672 3633 804 3692 solidatas
819 3635 907 3710 quieti
930 3633 1064 3705 redditus,
1078 3635 1192 3704 scilieet,
1207 3636 1254 3696 De
1270 3637 1384 3714 Rogero
1400 3639 1537 3698 serviente
1550 3639 1617 3696 xviii
1628 3639 1657 3698 d.

455 3729 505 3790 De
520 3729 663 3790 Willelmo
676 3731 734 3790 filio
750 3730 864 3790 Radtdfi
878 3732 946 3790 xviii
956 3733 985 3793 d.
1034 3732 1081 3791 De
1101 3733 1211 3791 Thema
1234 3734 1268 3792 de
1292 3735 1442 3794 Cherleton
1465 3737 1532 3796 xviii
1544 3735 1571 3794 d.
1612 3737 1657 3795 De

459 3825 605 3886 Willelmo
619 3828 653 3887 de
669 3828 821 3886 Roleshom
836 3829 902 3887 xviii
913 3828 942 3887 d.
983 3828 1030 3886 De
1043 3828 1174 3887 Johsnne
1189 3830 1341 3906 Capellane
1356 3832 1422 3890 xiiii
1432 3832 1460 3890 d.
1502 3834 1549 3891 De
1563 3833 1656 3891 Here-

458 3923 538 3982 berto
553 3925 660 3985 xviiia.
702 3926 747 3984 De
769 3925 899 3986 Johanne
921 3945 1040 4004 persona
1062 3927 1168 3985 xviiid.
1210 3926 1256 3986 De
1273 3927 1416 3987 Willelmo
1439 3930 1497 3988 filio
1519 3930 1656 3990 Herberti

456 4021 524 4079 xviii
535 4023 564 4080 d.
600 4023 646 4081 De
660 4024 775 4101 Agneta
796 4024 881 4082 vidua
904 4025 1012 4082 xviiia.
1054 4024 1100 4082 De
1116 4025 1209 4084 Alano
1232 4025 1291 4084 filio
1316 4027 1440 4087 Galfridi
1462 4027 1569 4086 xviiia.
1610 4029 1657 4088 De

457 4115 572 4200 Rogero
595 4120 738 4204 Chipping
761 4122 866 4185 xviiia.
908 4121 955 4186 De
979 4120 1045 4184 Ado
1070 4122 1212 4184 Piscatore
1237 4123 1342 4185 xviiid
1389 4125 1435 4186 De
1458 4125 1601 4188 Willelmo
1624 4126 1658 4190 de
