3930 5088
559 608 621 668 114
913 619 1074 666 cucuron
1099 623 1277 667 nurosou
1302 621 1347 666 ur

560 773 761 859 Euangelies
775 796 795 838 s
807 773 839 838 le
858 782 1005 859 requeste
1025 774 1069 837 du
1084 773 1252 838 devantdit
1266 771 1405 838 Edwurd
1416 771 1457 837 ke
1471 771 1495 836 il
1510 792 1551 836 en
1564 769 1652 835 bone
1665 767 1709 834 lei

561 878 751 942 usvalirunt
764 886 798 941 et
813 884 970 940 mettrunt
984 876 1140 940 liaument
1158 876 1282 942 cunseil
1296 897 1314 941 e
1328 877 1423 959 peine
1437 875 1479 940 lie
1493 873 1539 954 lil
1557 871 1710 938 devsndit

563 979 701 1044 Edword
722 978 801 1063 gsrd
823 999 841 1042 e
864 977 1056 1062 ecomplisse
1074 977 1122 1042 les
1137 989 1333 1044 coronantes
1349 977 1562 1044 dcvsntdites.
1607 977 1710 1040 Eunt

561 1080 705 1167 adjointe
720 1102 755 1144 ss
776 1079 888 1144 lettres
903 1078 944 1143 de
959 1079 1019 1144 celi
1034 1078 1175 1144 Edwerd
1189 1079 1240 1144 lur
1255 1101 1361 1160 secus,
1376 1079 1496 1145 ovekes
1510 1079 1541 1144 le
1557 1078 1623 1144 scel
1636 1075 1709 1142 iceli

562 1181 701 1250 Edwsrd
710 1205 750 1248 en
762 1181 1097 1268 tesmoigniedetutcs
1112 1204 1165 1247 ces
1175 1181 1290 1248 choses
1302 1183 1518 1249 deventdites.
1544 1183 1574 1246 E
1589 1202 1652 1246 nus
1667 1200 1709 1244 en

559 1285 745 1370 temcingne
764 1285 821 1350 des
841 1284 956 1350 choses
982 1284 1164 1349 desusdites
1179 1305 1291 1350 sroms
1306 1308 1325 1349 a
1339 1306 1393 1350 ces
1408 1292 1574 1369 presentes
1596 1282 1709 1347 lettres

559 1390 607 1454 fet
620 1397 737 1454 mettre
758 1396 869 1454 nostre
884 1397 995 1452 nostre
1018 1388 1093 1452 secl.
1140 1387 1187 1452 Ce
1208 1388 1244 1452 fu
1269 1388 1315 1453 fet
1340 1410 1360 1452 s
1384 1387 1474 1452 Psris
1491 1387 1523 1452 le
1545 1382 1708 1450 Mescredi

558 1511 652 1575 sprec
667 1490 699 1555 ls
711 1491 793 1556 leste
805 1489 898 1555 Seint
912 1487 1121 1555 Berthelmeu
1132 1489 1273 1574 lspostre
1288 1511 1328 1554 en
1340 1490 1394 1554 lan
1411 1489 1451 1554 de
1466 1497 1577 1553 noster
1592 1485 1709 1552 Senior

560 1594 666 1658 milet
680 1593 744 1660 deu
754 1614 831 1658 cens
845 1604 879 1658 et
893 1587 1035 1657 soissnte
1049 1603 1083 1658 et
1097 1593 1184 1657 noet

332 1716 372 1775 fo.
385 1711 476 1763 11420.
527 1695 549 1766 †
604 1695 722 1776 lGesto
745 1703 779 1760 et
802 1715 900 1780 opero
922 1693 1085 1759 bonorum
1099 1693 1132 1757 in
1149 1691 1278 1778 scriptis
1299 1692 1523 1780 reddiguntur,
1544 1703 1583 1757 ut
1608 1712 1646 1756 ee
1667 1689 1708 1754 sd

341 1778 549 1892 imam
560 1819 672 1865 eorum
687 1797 815 1862 leudem
830 1805 864 1861 et
877 1794 1010 1880 glorium
1025 1807 1214 1881 perpetuam
1236 1797 1366 1881 possint
1377 1797 1518 1882 posteris
1543 1794 1653 1860 reduci
1667 1792 1708 1857 ed

340 1909 538 1970 msmpru
560 1898 770 1978 memorium
806 1907 841 1964 et
864 1898 912 1962 its
947 1897 1069 1964 debent
1101 1897 1318 1979 crudelitstes,
1340 1899 1476 1978 malicie,
1505 1896 1639 1984 perfidie
1675 1903 1709 1960 et

337 1979 473 2038 Μ’
561 2001 708 2086 nequicie
736 2001 922 2086 iniquorum
952 1999 987 2064 in
1017 1999 1147 2085 scriptis
1176 2000 1266 2084 poni,
1295 2010 1334 2066 ut
1354 2001 1398 2066 ed
1420 2022 1533 2065 eorum
1557 1999 1708 2076 dedecus,

562 2104 758 2190 vituperium
785 2113 819 2168 et
834 2101 1022 2167 scandulum
1044 2121 1083 2166 cs
1107 2103 1240 2188 possint
1258 2112 1330 2169 toto
1344 2102 1468 2168 mundo
1493 2101 1611 2166 futuris
1626 2110 1709 2165 tem·

560 2206 695 2294 poribus
721 2203 889 2270 notificari.
953 2203 1042 2270 Hinc
1067 2211 1129 2284 est,
1154 2205 1244 2290 quod
1268 2226 1337 2270 non
1371 2205 1470 2272 debet
1496 2203 1557 2268 sub
1580 2201 1708 2267 silentio

560 2309 717 2398 preteriri,
739 2308 834 2393 quule
859 2305 985 2372 facinus
1008 2315 1042 2372 et
1066 2305 1195 2392 qualem
1209 2307 1432 2374 crudelitatem
1453 2308 1597 2373 Thomas
1621 2304 1707 2370 filius

560 2413 698 2492 Thome,
712 2420 746 2475 et
766 2409 910 2476 'l'hcmes
930 2409 970 2474 de
994 2408 1207 2488 Piwelesdon,
1232 2419 1267 2474 et
1280 2410 1383 2495 iniqui
1397 2410 1571 2495 complices
1586 2430 1709 2487 eorum,

560 2514 647 2579 inter
674 2521 726 2579 tot
754 2511 839 2576 mals
867 2533 931 2596 que
959 2510 1102 2576 fecerent
1130 2510 1165 2575 in
1188 2511 1433 2597 perturbatione
1462 2513 1552 2598 regni
1581 2511 1708 2596 Anglie‚

561 2619 666 2682 fecere
680 2614 912 2700 cogitaverunt,
928 2621 962 2678 et
974 2613 1017 2678 sd
1031 2613 1184 2679 effectum
1200 2614 1317 2680 ducere
1339 2625 1568 2702 speraverunt3
1590 2622 1624 2679 et
1643 2614 1710 2678 fac-

564 2730 636 2784 tum
660 2717 787 2796 fuisset,
807 2715 872 2780 nisi
895 2715 1065 2782 occasione
1083 2715 1177 2802 prelii
1202 2716 1243 2782 de
1268 2717 1432 2784 Eveshsm
1458 2718 1575 2784 fuisset
1606 2717 1711 2801 impe·

563 2821 679 2887 ditum.
731 2819 831 2898 Nam,
855 2828 1002 2906 tempore
1028 2841 1093 2906 quo
1117 2819 1281 2884 Dominus
1305 2821 1485 2886 Edwardus
1520 2829 1554 2886 et
1590 2820 1710 2885 Comes

564 2921 752 3002 Glosemie,
768 2929 802 2988 et
816 2921 863 2986 illi
878 2921 934 3008 qui
948 2921 994 2988 eis
1009 2922 1217 3002 adheserunt,
1231 2922 1364 2988 fuerunt
1377 2924 1465 3010 spud
1489 2923 1709 3002 Glorernism,

563 3023 779 3090 existentibus
801 3022 931 3091 comite
954 3024 1129 3090 Leicestrie
1156 3033 1189 3088 et
1212 3025 1424 3111 complicibus
1446 3027 1525 3106 suis,
1550 3034 1584 3090 et
1612 3025 1709 3090 etism

564 3127 710 3193 Domino
722 3127 821 3211 Rege,
835 3127 986 3192 licetnon
1002 3135 1120 3211 sponte
1136 3149 1204 3206 sus,
1219 3127 1306 3212 apud
1322 3128 1560 3208 Herefordium,
1574 3127 1711 3214 predicti

564 3231 719 3308 Thomas,
740 3236 775 3292 et
792 3229 946 3306 Thomas,
961 3236 995 3292 et
1019 3227 1074 3292 alii
1095 3228 1209 3313 iniqui,
1234 3229 1347 3298 habito
1367 3231 1530 3317 colloquio
1543 3231 1629 3296 inter
1644 3252 1711 3308 eos,

565 3331 675 3398 nescio
688 3331 715 3396 si
738 3331 780 3394 sd
802 3331 992 3396 mundatum
1017 3330 1156 3396 Comitis
1172 3333 1347 3399 Leicestrie
1361 3345 1419 3399 sut
1439 3356 1518 3414 non,
1544 3334 1711 3399 ordinave-

566 3443 644 3498 runt
668 3441 703 3497 et
724 3443 924 3497 sacramento
951 3433 1235 3517 confirmaverunt,
1263 3445 1302 3502 nt
1340 3435 1449 3502 subito
1475 3447 1509 3502 et
1544 3437 1711 3522 inopinato

567 3534 665 3600 morti
688 3534 851 3599 truderent
875 3533 1001 3600 circiter
1022 3535 1066 3600 xl.
1080 3537 1168 3602 viros
1192 3536 1233 3603 de
1252 3537 1456 3624 legaliorib‘us
1483 3538 1652 3618 Civitatis3
1673 3561 1712 3604 eo

569 3637 657 3722 quod
677 3636 741 3722 ipsi
765 3635 899 3702 fuerunt
920 3638 1031 3704 fideles
1047 3640 1191 3706 Domino
1217 3641 1298 3725 Regi
1322 3651 1356 3706 ct
1380 3639 1526 3705 Domino
1540 3639 1713 3714 Eduardo,

568 3737 636 3802 filio
652 3758 721 3801 suo.
766 3735 830 3801 Die
844 3759 984 3823 nomque
999 3748 1131 3821 statuta,
1147 3740 1269 3807 scilicet
1283 3741 1334 3806 die
1348 3740 1443 3804 Jovis
1456 3749 1533 3824 post
1556 3739 1713 3808 Sanctum

571 3839 704 3904 Petrum
723 3838 765 3902 ad
778 3837 940 3902 vinculum
957 3841 1154 3906 summonitu
1171 3841 1234 3906 fuit
1245 3841 1442 3911 universalis
1458 3841 1653 3924 Commune,
1676 3856 1714 3911 ut

569 3939 738 4007 venissent
766 3939 852 4025 apud
877 3939 1050 4020 Gildhulle,
1076 3952 1114 4007 ut
1137 3943 1181 4007 its
1204 3941 1289 4008 inter
1308 3943 1398 4028 ipsos
1412 3943 1552 4010 luissent
1576 3947 1713 4032 predicti

570 4043 632 4108 viri
660 4043 757 4130 cepti,
786 4052 820 4109 et
848 4043 945 4108 morti
973 4043 1083 4108 statim
1106 4045 1243 4110 liberati.
1288 4045 1363 4112 Quo
1393 4046 1446 4112 die
1478 4057 1641 4113 venerunt
1667 4049 1714 4114 ibi

570 4149 708 4236 predicti
732 4147 835 4234 iniqui
854 4147 915 4214 sub
934 4139 1080 4214 vestibus
1102 4145 1226 4230 armati,
1240 4149 1410 4216 ruentibus
1436 4151 1622 4218 catervatim
1638 4175 1712 4218 cum
