3930 5088
550 621 611 681 136
911 631 1074 678 unomen
1097 631 1274 677 uaronorr
1299 631 1344 677 rr

548 785 769 865 dimitterent;
790 782 872 870 ipsis
896 783 1128 850 mercatoribus
1154 783 1217 848 sub
1242 783 1357 849 eadem
1379 782 1485 847 forms
1512 781 1696 847 dederimus

546 887 710 954 licentiam
725 887 865 953 ducendi
879 887 970 952 lanas
992 896 1084 953 extra
1098 907 1234 972 regnum
1248 895 1398 952 noenum
1410 885 1452 950 ed
1466 896 1575 970 partes
1590 897 1695 950 trans·

546 991 687 1056 murinas
711 990 754 1054 ad
778 990 962 1055 iaciendum
987 990 1196 1056 commodum
1220 1012 1328 1055 suum.
1372 990 1422 1054 Ac
1448 990 1520 1052 Nos
1539 988 1608 1073 jam
1633 1009 1695 1075 pro

546 1103 635 1160 certo
658 1091 889 1171 intelleximus,
911 1093 1001 1177 quod
1025 1093 1098 1157 inne
1121 1091 1266 1177 predicte
1287 1101 1379 1156 extra
1392 1111 1529 1175 regnum
1543 1101 1693 1155 nostrum

546 1196 587 1261 de
601 1195 731 1261 licentia
744 1194 973 1275 noanneane,
987 1194 1082 1259 dictis
1098 1193 1351 1259 Flundrensibos
1366 1213 1469 1278 prope
1482 1203 1590 1278 partes
1600 1215 1693 1258 suam

544 1320 604 1384 per
613 1297 776 1384 predictos
790 1306 985 1362 mercatores
999 1305 1113 1362 contra
1127 1296 1333 1362 tenuitatem
1354 1295 1532 1380 predictam
1546 1297 1694 1361 vendun-

543 1412 598 1466 tur
626 1400 669 1465 ad
690 1399 832 1478 libitum,
855 1399 944 1485 quod
967 1399 1090 1463 diutius
1120 1397 1281 1464 studuere
1304 1397 1459 1463 nolumus
1487 1397 1553 1461 ullo
1582 1398 1694 1464 modo.

543 1505 615 1569 Nos
630 1503 671 1568 de
686 1502 821 1568 consilio
836 1511 949 1566 nostro
965 1500 1150 1578 statuimun
1165 1498 1253 1587 quod
1268 1519 1382 1565 omnes
1397 1500 1471 1564 lene
1484 1499 1575 1585 regni
1588 1501 1694 1564 nostri

541 1605 723 1672 venditioni
737 1604 930 1689 exponende
939 1602 980 1667 de
989 1611 1108 1684 cetero,
1116 1602 1376 1668 morenturinfru
1384 1623 1520 1688 regnum
1531 1610 1692 1684 nostrum,

542 1729 602 1774 nec
616 1709 659 1773 ad
669 1728 878 1795 quascunque
892 1715 1001 1792 partes
1015 1705 1247 1770 nansmarinas
1262 1703 1368 1790 eliqua
1381 1705 1506 1770 radone
1521 1705 1692 1785 ducentur,

542 1812 753 1877 donicatum
765 1810 877 1876 Sancti
883 1807 1045 1874 Johunnis
1055 1807 1204 1893 Baptiste
1215 1806 1365 1892 proximo
1376 1808 1534 1872 futurum.
1555 1809 1601 1873 Et
1614 1808 1690 1874 ideo

543 1912 637 1980 vobis
647 1913 841 1979 mundamus
845 1919 859 1994 l
867 1912 956 1998 quod
970 1911 1061 1976 lanes
1070 1909 1192 1995 aliquas
1207 1919 1299 1975 extra
1308 1932 1443 1996 regnum
1451 1921 1601 1977 nostrum
1611 1912 1692 1977 citra

539 2015 717 2083 terminum
731 2015 913 2100 predictum
920 2033 1033 2078 versus
1043 2033 1270 2097 quamcunque
1281 2021 1400 2076 terram
1410 2012 1544 2078 minime
1552 2013 1690 2094 ducatis,

539 2119 593 2188 vel
620 2139 679 2206 per
689 2127 797 2204 partes
812 2125 937 2181 vestras
953 2113 1029 2179 duci
1043 2113 1260 2200 permittetis3
1286 2113 1355 2193 sed,
1370 2114 1399 2179 si
1413 2137 1494 2200 ques
1508 2135 1567 2200 per
1580 2125 1688 2201 partes

538 2222 702 2288 ducendas
725 2219 914 2285 inveneritis
937 2227 1029 2284 extra
1048 2238 1185 2302 regnum
1209 2226 1370 2296 noenum,
1390 2238 1445 2282 esa
1468 2218 1626 2300 natatis,
1654 2230 1689 2284 et

538 2325 629 2390 salvo
656 2320 859 2402 custodistis,
892 2320 935 2385 ad
976 2318 1167 2384 mandatum
1210 2328 1371 2384 nostrum.
1440 2318 1516 2384 Nisi
1543 2319 1688 2405 predicte

539 2422 725 2502 Comitissa,
747 2441 805 2506 per
833 2420 1095 2507 procurationem
1118 2441 1212 2485 suam
1245 2429 1279 2484 et
1303 2421 1523 2486 interventum
1551 2423 1688 2488 nuncio-
1758 2471 1762 2480 .

536 2546 766 2603 remotiorum,
788 2523 906 2611 quibus
929 2522 1015 2587 diem
1036 2521 1226 2607 prefiximus
1247 2545 1356 2588 coram
1380 2521 1476 2587 nobis
1507 2523 1543 2588 in
1564 2523 1688 2590 insten-

538 2630 628 2696 tibus
669 2626 794 2693 octabis
835 2626 953 2690 Sancte
991 2624 1161 2690 'irinitatis
1199 2626 1242 2690 ad
1277 2625 1481 2692 nectendum
1515 2626 1686 2696 nobiscum

538 2753 636 2819 super
663 2731 795 2816 negotio
820 2729 889 2809 illo,
913 2736 1026 2795 nostre
1054 2750 1091 2794 se
1115 2727 1315 2813 coaptaverit
1338 2727 1511 2794 voluntati.
1554 2729 1600 2794 Et
1627 2752 1687 2796 vos

535 2836 624 2903 aliud
649 2857 669 2902 a
693 2833 789 2900 nobis
809 2833 886 2899 inde
900 2831 1086 2918 receperitis
1107 2831 1143 2897 in
1166 2831 1339 2896 mandatis.
1359 2831 1405 2896 Et
1427 2831 1502 2910 hoe,
1526 2830 1611 2898 sicut
1624 2855 1686 2899 vos

535 2950 569 3006 et
584 2939 694 3004 omnia
707 2959 771 3023 que
780 2935 945 3002 haberetis
954 2935 989 2999 in
998 2956 1098 3020 regno
1109 2943 1223 2999 nostro
1234 2933 1378 3017 diligitis,
1387 2946 1421 3000 et
1429 2945 1621 3021 perpetuam
1635 2937 1686 3002 in-

534 3042 755 3127 dignationem
770 3048 915 3105 nostram
929 3038 1031 3103 vitare
1039 3036 1218 3116 volueritis,
1229 3037 1414 3102 nullatenus
1423 3039 1593 3105 omittatis.
1638 3040 1684 3106 Et

535 3143 616 3210 seire
629 3141 754 3207 mustis
769 3140 922 3205 omnibus
937 3139 978 3203 de
990 3137 1115 3204 Ballivs
1124 3149 1244 3218 vesus,
1254 3138 1347 3203 ianas
1361 3140 1547 3206 vendendae
1562 3140 1685 3208 haben-

534 3245 632 3324 tibus,
647 3243 734 3328 quod
758 3241 798 3307 de
813 3239 1001 3306 venditione
1019 3240 1166 3306 hnarum
1182 3262 1314 3306 suarum
1327 3264 1396 3308 non
1411 3242 1595 3329 desperent,
1609 3243 1684 3329 quia

533 3356 727 3412 mercatores
741 3343 833 3429 regni
846 3341 951 3409 nostri
965 3342 1070 3428 parati
1084 3351 1163 3408 sunt
1176 3342 1272 3409 nobis
1295 3345 1501 3412 securitatem
1526 3347 1682 3427 invenire,

532 3448 621 3535 quod
634 3447 698 3512 nisi
707 3445 853 3532 predicta
864 3445 1040 3512 Comitissa
1054 3445 1095 3511 de
1103 3442 1285 3512 commissis
1294 3449 1401 3514 medio
1410 3457 1558 3534 tempore
1571 3459 1682 3514 nostre

532 3549 723 3616 saddeoerit
746 3549 918 3629 voluntati,
939 3550 987 3614 ita
1012 3549 1101 3635 quod
1126 3549 1379 3616 Fiandrensibus
1401 3549 1491 3616 lanas
1505 3550 1634 3617 emendi
1648 3559 1683 3616 et

532 3651 682 3732 ducendi,
711 3650 795 3716 sicut
824 3651 982 3733 solebant,
1011 3652 1127 3717 demus
1155 3661 1362 3738 potestatem,
1394 3652 1458 3738 ipsi
1486 3663 1681 3718 mercatores

533 3775 647 3820 omnes
662 3753 752 3818 lanas
762 3773 1028 3838 quorumcunque
1042 3763 1154 3819 ement
1167 3763 1202 3820 et
1214 3755 1385 3840 pecuniam
1399 3755 1476 3820 inde
1486 3755 1623 3834 solvent,
1637 3755 1680 3821 sd

531 3866 656 3924 rectum
670 3864 831 3921 etverum
853 3853 994 3919 valorem
1019 3857 1207 3922 earundem.
1250 3858 1296 3922 Et
1321 3879 1363 3924 ex
1388 3881 1485 3924 censa
1508 3857 1564 3923 ille
1585 3857 1681 3924 vobis

530 3958 795 4046 significabimus,
804 3955 942 4043 qualiter
954 3956 1040 4022 inter
1048 3958 1122 4024 Nos
1134 3966 1168 4023 ct
1177 3959 1316 4025 nuncios
1327 3961 1490 4047 predictos
1504 3969 1679 4026 tractsmm

529 4067 591 4132 erit
618 4064 653 4130 in
682 4062 818 4129 Octsbis
847 4061 1029 4127 antedictis.
1097 4063 1292 4129 Proclmneri
1317 4065 1415 4130 etiam
1441 4063 1569 4130 {windo
1591 4063 1679 4150 quod

530 4189 644 4237 omnes
669 4175 855 4254 operatores
884 4173 918 4232 ct
946 4165 1141 4253 operatrices
1177 4187 1361 4252 pannorum
1396 4167 1576 4248 laneorum,
1611 4175 1680 4232 tam
