3930 5088
547 699 805 743 vrcscosuruu
832 699 1117 744 nosnosrsnuu.
1338 683 1394 740 161

253 851 436 930 Michaelis,
450 862 484 916 et
498 852 532 915 in
545 851 688 920 crastino
704 852 815 916 Sancti
834 851 1017 930 Michaelis,
1039 851 1124 915 sieut
1146 871 1217 914 mos
1242 859 1304 928 est,
1326 869 1399 934 pre·

253 956 371 1020 scutati
395 955 482 1041 apud
506 953 839 1020 westmonasterium
863 955 1038 1020 baronibus
1065 954 1105 1018 de
1130 951 1307 1032 Soacoario,
1331 973 1398 1016 non

254 1058 442 1124 sedentibus
457 1059 497 1122 ad
514 1057 696 1123 Scaearium
713 1059 770 1122 sed
793 1058 1008 1123 existentibus
1022 1059 1057 1120 in
1071 1077 1170 1142 parva
1184 1076 1311 1120 camera
1335 1075 1398 1139 que

252 1170 303 1224 est
313 1159 408 1245 juxta
430 1161 659 1245 Receptorium
682 1181 784 1245 prope
806 1159 1016 1238 Thamisiam,
1039 1169 1073 1224 et
1098 1158 1144 1222 ibi
1165 1157 1298 1222 admissi
1309 1181 1319 1236 ;
1342 1156 1398 1241 qui

249 1273 474 1328 remanserunt
488 1261 714 1332 tantummodo
730 1283 832 1347 usque
847 1262 888 1325 ad
903 1262 1023 1325 festum
1039 1260 1149 1324 Sancti
1169 1259 1310 1323 Andree.

293 1364 391 1429 Anno
413 1365 528 1429 eodem
552 1365 604 1428 die
627 1363 759 1428 Sabbsti
782 1375 859 1448 post
880 1363 1000 1428 festum
1027 1362 1261 1426 Translationis
1286 1361 1396 1426 Sancti
1409 1377 1446 1422 De
1461 1376 1572 1422 sesama
1582 1377 1618 1422 u-

253 1465 425 1530 Eadwardi
438 1467 537 1529 frater
551 1465 726 1545 Robertus,
740 1465 1014 1550 Archiepiscopus
1031 1463 1216 1542 Cantuarie,
1231 1485 1305 1527 cum
1322 1474 1396 1529 octo
1410 1441 1594 1619 ‘gramm
1593 1457 1620 1550 ,ζ

252 1567 425 1653 Episcopis
440 1567 481 1631 de
496 1567 704 1652 suffraganeis
719 1566 798 1646 suis,
822 1567 857 1630 in
877 1588 994 1650 magna
1016 1566 1089 1629 aula
1102 1565 1433 1644 westmonster-irc
1430 1569 1548 1618 eseam

252 1668 491 1754 pontificalibus
514 1670 639 1734 indutis
662 1669 866 1734 confirmavit
890 1669 1084 1733 sententiam
1104 1689 1163 1752 per
1186 1668 1398 1735 Bonefacium

251 1771 540 1856 Archiepiscopum
555 1772 815 1857 predecessorem
832 1793 927 1835 suum
941 1771 1051 1849 latam,
1065 1769 1204 1855 cumali]
1196 1770 1399 1855 Episcopis,

250 1871 284 1934 in
299 1872 412 1936 eadem
427 1873 510 1952 aula,
525 1874 610 1938 sicut
624 1883 840 1958 prenotatam
860 1882 912 1936 est
930 1872 965 1936 in
986 1872 1050 1936 hoc
1071 1871 1153 1936 libro
1163 1896 1174 1950 ;
1197 1882 1231 1936 et
1257 1871 1298 1936 de
1312 1891 1399 1935 novo

251 1975 543 2040 excommunicavit
557 1997 671 2041 omnes
686 1975 770 2054 illos,
785 1975 840 2060 qui
862 1975 960 2053 iacto,
971 1974 1120 2054 consilio,
1133 1973 1255 2050 favore,
1269 1973 1399 2052 auxilio,

251 2099 308 2142 seo
324 2099 460 2142 assensu
479 2101 593 2163 pacem
609 2078 706 2162 Regis
717 2089 755 2142 -at
769 2078 860 2163 regni
874 2078 957 2142 clam
971 2077 1025 2142 vel
1048 2087 1158 2163 aperte
1173 2077 1399 2162 perturbarent

248 2180 300 2244 vel
314 2180 495 2264 perturbari
508 2193 727 2266 procurarent.

293 2283 412 2346 Postea
433 2292 527 2368 capta
552 2284 685 2346 fuerunt
705 2283 787 2347 retia
812 2283 1009 2368 piscatorum
1034 2282 1075 2347 de
1097 2282 1270 2360 Thamisia,
1293 2292 1327 2346 et
1346 2281 1398 2347 die
1411 2301 1547 2354 &rassae

249 2385 344 2450 Lune
364 2395 439 2450 ante
465 2386 584 2450 festum
601 2385 712 2450 Sancti
735 2386 824 2451 Luce
843 2386 983 2450 adducta
1004 2385 1045 2449 ad
1068 2384 1276 2464 Gildhallsm,
1298 2394 1332 2450 et
1352 2386 1399 2449 ibi

248 2488 430 2572 adjudicata
438 2512 448 2566 3
463 2487 586 2573 etquis
600 2509 668 2552 non
683 2498 775 2551 erant
788 2487 902 2572 legalia
916 2487 1095 2552 seeundum
1111 2497 1233 2552 statuta
1248 2485 1398 2558 Civitatis

247 2593 379 2657 fuerunt
392 2593 427 2656 in
441 2592 620 2676 Westchep
636 2603 786 2670 cremata,
801 2613 937 2658 numero
952 2593 1052 2677 xxvij.
1161 2607 1163 2612 ’

292 2695 367 2759 Hoc
381 2715 478 2772 anno,
493 2705 568 2758 ante
582 2696 703 2757 festum
720 2694 830 2758 Sancti
846 2694 1017 2759 Michaelis
1041 2704 1076 2759 et
1096 2704 1173 2779 post
1194 2696 1326 2774 festum,
1342 2717 1399 2780 per

246 2807 436 2882 preceptum
452 2794 691 2860 constabularii
706 2796 747 2858 de
770 2796 911 2876 Dovere,
925 2807 1059 2881 propter
1081 2796 1214 2879 injurias
1235 2819 1315 2880 quas
1332 2797 1398 2862 Co-

247 2900 375 2963 mitissa
389 2897 539 2962 Flandrie
553 2897 673 2960 iecerat
693 2896 924 2961 mercatoribus
938 2897 1064 2982 Anglie‚
1082 2898 1167 2962 sicut
1189 2908 1396 2982 prenotatum

249 3011 300 3064 est
314 2999 348 3062 in
362 2999 427 3063 hoc
440 2997 534 3077 libro,
549 2998 699 3062 homines
715 2998 756 3062 de
767 2997 921 3083 Quinque
944 2997 1108 3063 Portubus
1123 2999 1157 3061 in
1178 3020 1276 3063 manu
1288 3000 1397 3064 salida

247 3112 281 3166 et
295 3109 417 3164 armata
430 3121 505 3164 cum
520 3098 657 3164 navibus
673 3110 706 3164 et
719 3100 818 3184 galeis
832 3099 981 3185 pluribus
995 3100 1230 3186 navigaverunt
1249 3101 1283 3164 in
1298 3121 1396 3181 mare,

245 3215 279 3269 et
293 3225 407 3268 omnes
426 3223 526 3267 naves
542 3225 621 3288 quas
641 3203 837 3268 invenerunt
861 3203 1059 3274 velificantes
1083 3227 1158 3269 cum
1181 3204 1263 3267 lanis
1277 3225 1393 3270 versus

247 3303 430 3370 Flandriam
445 3315 678 3384 arestaverunt,
694 3315 728 3370 et
742 3305 851 3370 omnis
870 3305 958 3371 bona
980 3305 1227 3370 Flandrensium
1250 3306 1286 3370 in
1307 3327 1395 3370 mare

244 3411 378 3474 inuenta
392 3417 558 3493 ceperunt.
603 3409 721 3473 Postea
735 3407 911 3473 inhibitum
925 3409 989 3473 luit
1002 3431 1061 3494 per
1075 3409 1256 3509 Dominum
1272 3409 1395 3495 Regem

246 3533 287 3576 ne
302 3510 407 3595 aliqua
420 3510 494 3573 lana
508 3509 679 3574 duceretur
691 3520 785 3574 extra
796 3531 942 3596 regnum.

267 3613 390 3694 ¹llloc
403 3633 490 3678 anno
504 3610 540 3674 in
554 3613 639 3676 sesto
656 3611 808 3698 Symonis
831 3622 865 3677 et
883 3611 971 3677 Jude
993 3613 1096 3677 factus
1111 3624 1163 3676 est
1178 3611 1286 3679 Maior
1303 3615 1394 3678 Hen-
1379 3635 1439 3694 -so
1452 3635 1507 3695 ras,
1518 3644 1549 3685 ιο

244 3718 330 3783 ricus
344 3717 375 3781 le
389 3715 533 3801 Waleys,
550 3727 584 3779 et
597 3726 723 3800 postea,
737 3715 832 3780 tertia
855 3716 906 3780 die
920 3716 972 3780 vel
992 3725 1114 3801 quarta,
1129 3716 1170 3779 ad
1194 3716 1395 3838 Scacoarium
1410 3701 1443 3749 ⁰⁶
1453 3702 1555 3750 Maure.

247 3821 413 3884 Beronum
429 3827 647 3905 presentatus,
661 3817 836 3894 admissus,
851 3827 885 3883 et
895 3819 1033 3902 juratus.

290 3922 365 3986 Hoc
379 3944 465 3986 anno
480 3921 642 4007 principes
657 3920 890 3985 Alemannie'
864 3941 948 3985 circa
959 3921 1078 3985 festum
1095 3920 1207 3986 Sancti
1222 3921 1392 3986 Michaelis
1406 3940 1443 3987 De
1452 3941 1556 3988 sacen
1566 3943 1614 3994 Ius

244 4023 446 4107 preteritum,
471 4023 511 4085 ad
535 4045 617 4109 quos
643 4023 764 4088 scilicet
784 4023 929 4108 pertinet
951 4024 1065 4089 electio
1089 4024 1308 4108 Imperatoris,
1331 4007 1526 4089 ele-mm

244 4133 361 4209 gerunt
398 4125 559 4206 quendam
598 4125 781 4239 Principem
810 4127 1011 4204 Alemannis,
1053 4127 1225 4190 Radulfum
1261 4127 1393 4190 nomine

245 4229 285 4292 de
305 4225 548 4304 Hanesberuth,
560 4227 619 4310 qui
639 4227 723 4290 infra
745 4227 884 4291 eundem
907 4249 1053 4296 mensem
1076 4226 1118 4298 ab
1138 4228 1392 4314 Archiepiseopo

288 4345 402 4393 cauo.
426 4346 500 4392 soc.
1153 4351 1176 4392 ιι
