3920 5022
576 589 617 657 tt
934 607 1094 658 onosma
1119 611 1296 661 unionum
1322 610 1369 660 av

574 771 608 828 et
617 763 721 830 voluit
731 765 807 830 inde
816 787 928 850 capere
943 775 1074 831 centum
1089 765 1257 851 quarteria,
1273 764 1440 853 quodlibet
1450 760 1647 850 quarterium
1661 781 1723 849 pro

573 865 653 932 iibm.
661 868 800 933 denariis
812 869 920 932 minus
933 890 1028 954 quam
1038 869 1206 933 venditum
1215 869 1323 948 fuerit,
1334 869 1463 953 quando
1472 867 1647 934 veniretad
1658 877 1723 932 ter·

571 990 651 1034 ram.
690 972 744 1035 Ad
755 970 842 1056 quod
851 970 957 1036 dictus
967 969 1234 1036 constabularius
1247 969 1426 1055 respondit,
1438 972 1459 1006 “
1469 969 1630 1053 quodhoc
1639 968 1722 1033 bene

570 1072 679 1156 potuit
687 1073 790 1137 fecere
801 1073 842 1137 ad
851 1094 935 1158 opus
945 1072 1080 1137 Domini
1096 1073 1193 1158 Regis
1203 1073 1236 1152 ,θ’
1246 1073 1288 1140 ad
1299 1073 1361 1138 hoc
1372 1073 1459 1137 cives
1470 1072 1622 1137 dixerunt
1632 1070 1721 1156 quod

571 1175 820 1241 attachiamenta
834 1175 869 1240 in
880 1175 1046 1240 'l'hamisia
1055 1176 1221 1259 pertinent
1236 1175 1442 1241 solummodo
1451 1175 1492 1239 ad
1503 1173 1720 1239 vicecomites

350 1285 422 1344 ΛΜ
433 1285 534 1336 rante
571 1275 825 1357 Londoniarum‚
849 1277 924 1363 quia
945 1300 1028 1364 aqua
1050 1279 1215 1344 'l'iramisie
1248 1288 1318 1343 tota
1348 1277 1491 1363 pertinet
1516 1278 1556 1342 de
1581 1277 1651 1340 rivo
1677 1275 1719 1339 ad

346 1349 427 1408 prata

350 1427 400 1457 saco

428 1351 505 1398 mdc

411 1415 444 1458 ,d
455 1415 532 1463 ‚qm
567 1378 673 1442 rivum
689 1379 730 1444 ad
747 1379 921 1446 Civitatem
936 1381 1096 1465 usquead
1111 1381 1212 1446 Neve
1229 1380 1339 1458 Were,
1363 1380 1448 1443 sicut
1465 1378 1586 1464 pluries
1608 1386 1718 1442 osten-

347 1491 417 1589 ffl
427 1479 550 1530 adnm
569 1503 642 1546 sum
657 1491 708 1546 est
722 1503 830 1548 coram
845 1483 1036 1548 Justitiariis
1060 1483 1288 1549 itinerantibus
1307 1482 1395 1566 apud
1416 1483 1556 1561 Turrim,
1580 1490 1615 1545 et
1634 1479 1719 1545 siem

567 1593 773 1669 compactum
800 1585 863 1650 fuit
891 1586 979 1670 apud
1001 1585 1288 1664 Bermundeshcie,
1313 1604 1372 1669 per
1396 1583 1567 1648 duodecim
1597 1581 1717 1646 milites

562 1683 689 1770 juratos
715 1687 756 1752 de
781 1687 914 1772 Sureye,
940 1707 1047 1752 coram
1072 1687 1205 1752 domino
1230 1686 1372 1772 Hugone
1395 1685 1505 1771 Bigot,
1533 1684 1716 1753 Justitiaric

565 1789 681 1872 Anglie
697 1799 775 1855 tunc
788 1790 962 1856 itinerante
976 1790 1109 1856 ibidem.

602 1891 728 1957 Dicunt
737 1893 835 1958 etiam
843 1894 931 1979 quod
940 1893 1104 1958 Dominus
1114 1891 1185 1958 Rex
1197 1891 1318 1957 nullom
1329 1890 1449 1977 prisam
1461 1890 1549 1976 capit
1557 1891 1597 1955 de
1606 1889 1715 1971 blado,

565 2004 738 2081 antequam
759 1997 851 2060 navis
867 1996 910 2061 sit
924 1997 964 2061 ad
979 2007 1122 2081 portum,
1137 2007 1170 2062 et
1184 2005 1264 2060 tunc
1286 1993 1419 2059 habebit
1432 1995 1503 2079 ipse
1518 1995 1714 2080 quarterium

563 2097 717 2162 frumenti
732 2115 791 2183 pro
806 2097 874 2163 iim·
889 2099 1027 2164 denariis
1042 2099 1151 2163 minus
1166 2117 1263 2184 quam
1277 2097 1447 2163 venditum
1465 2098 1583 2177 fuerit3
1603 2109 1637 2164 et
1650 2099 1714 2164 hoc

564 2199 769 2265 solummodo
783 2201 825 2265 ad
836 2202 1105 2267 sustentationem
1121 2200 1238 2266 domus
1254 2218 1322 2264 sue.
1365 2199 1412 2264 Et
1426 2201 1513 2283 quod
1530 2199 1714 2264 Constaba-

561 2299 659 2363 larius
671 2300 723 2366 vel
731 2300 845 2386 aliquis
857 2302 939 2365 alius
948 2323 1015 2366 non
1026 2299 1126 2365 habet
1138 2301 1259 2385 prisam
1272 2301 1312 2363 de
1327 2299 1443 2377 blado;
1459 2300 1517 2363 sed
1532 2300 1561 2362 si
1573 2299 1714 2364 voluerit

561 2401 682 2486 aliquid
697 2425 813 2482 emere,
828 2412 915 2468 emat
930 2404 964 2468 in
980 2412 1121 2467 mercato
1138 2401 1301 2480 Civitatis,
1318 2401 1402 2466 sicut
1424 2401 1522 2480 cives,
1540 2411 1574 2465 et
1598 2402 1639 2465 ad
1653 2423 1712 2465 vo-

561 2505 719 2568 luntatem
743 2505 943 2584 venditoris3
969 2515 1001 2569 et
1022 2514 1141 2590 petunt
1165 2503 1348 2568 Dominum
1371 2505 1505 2589 Regem,
1528 2503 1616 2588 quod
1641 2503 1713 2589 ipse

559 2607 639 2671 velit
649 2605 813 2671 libertates
825 2628 937 2671 eorum
949 2627 1149 2685 conservare,
1164 2617 1198 2670 et
1213 2626 1342 2691 semper
1351 2605 1608 2690 calumpniantes
1623 2606 1712 2691 quod

559 2709 678 2773 nolunt
702 2731 763 2774 nec
787 2709 908 2775 debent
929 2710 1005 2774 illuc
1025 2709 1185 2795 judicium
1210 2708 1319 2774 subire
1336 2709 1388 2774 vel
1412 2709 1564 2795 recipere.
1607 2711 1711 2790 Tunc,

560 2811 672 2876 habito
684 2812 844 2898 colloquio
856 2813 941 2879 inter
950 2814 974 2879 J
975 2813 1151 2878 ustitiarios
1162 2822 1196 2876 et
1210 2811 1343 2878 aliosde
1357 2811 1493 2878 consilio
1509 2813 1618 2898 Regis,
1628 2813 1712 2879 dixit

561 2915 713 2981 dominus
734 2917 919 2983 Willelmus
941 2917 982 2982 de
1004 2916 1131 2982 Wilton
1157 2915 1303 2996 Civibus,
1328 2915 1524 2980 “Dominus
1547 2917 1618 2982 Rex
1639 2916 1712 2982 vult

560 3021 649 3104 quod
663 3020 828 3086 libertates
843 3031 951 3087 vestre
969 3028 1211 3096 conserventur,
1226 3030 1260 3084 et
1273 3041 1335 3084 nos
1355 3018 1511 3084 debemus
1525 3020 1607 3084 velle
1622 3019 1710 3105 quod

556 3123 631 3206 jura
645 3144 704 3185 sua
718 3145 784 3186 non
799 3131 933 3206 pereant
940 3147 951 3202 3
973 3131 1008 3187 et
1022 3121 1097 3206 quia
1110 3121 1308 3205 ignoramus,
1322 3142 1384 3205 que
1398 3121 1472 3205 jura
1489 3123 1654 3207 pertinent
1667 3123 1709 3187 ad

557 3225 699 3302 'I'urrim
728 3246 789 3288 nos
827 3224 978 3288 volumus
1019 3223 1181 3308 inquirere
1220 3223 1255 3287 in
1285 3231 1352 3287 tres
1393 3224 1590 3310 septimanas
1633 3235 1710 3311 post

560 3323 716 3387 Psscham
742 3346 801 3408 per
825 3323 916 3401 alios,
942 3324 998 3409 qui
1018 3324 1149 3388 luerunt
1173 3323 1296 3388 ibidem
1316 3324 1555 3404 constabularii,
1581 3327 1708 3411 qualem

559 3424 709 3488 saisinam
726 3424 891 3489 Dominus
904 3427 974 3490 Rex
988 3425 1034 3490 ibi
1049 3423 1218 3504 habuerit3
1234 3425 1290 3490 sed
1307 3425 1431 3491 Civitas
1445 3426 1574 3491 interim
1590 3427 1708 3495 habeat

559 3527 720 3612 seysinam
732 3548 824 3592 suam
833 3527 958 3613 integre
973 3540 1007 3594 et
1020 3528 1164 3615 pacifice,
1176 3529 1274 3606 salva,
1285 3537 1406 3608 tamen,
1422 3528 1603 3612 calumpnia
1619 3531 1708 3595 Con-

558 3627 734 3710 stabularii‚
749 3653 846 3716 quam
866 3632 908 3696 ad
930 3631 1052 3696 dictum
1072 3633 1157 3697 diem
1175 3641 1355 3697 monstrare
1369 3629 1601 3694 rationabiliter
1614 3643 1708 3715 pote·

555 3732 631 3797 rit.'’
653 3732 747 3798 'lunc
758 3733 925 3818 provisum
936 3734 1033 3799 suerit
1043 3757 1101 3819 per
1111 3735 1208 3800 Cives
1217 3743 1250 3798 et
1259 3735 1440 3818 injunctum
1452 3732 1707 3800 vicecomitibus

555 3857 597 3899 ne
610 3834 658 3899 illi
672 3837 897 3921 permitterent
909 3835 1193 3901 constabularium
1204 3837 1333 3923 aliquod
1348 3834 1590 3900 attachiamenti
1603 3838 1706 3905 facere

554 3937 589 4001 in
603 3938 778 4018 Thamisia,
789 3947 824 4003 et
839 3939 866 4002 si
881 3959 1012 4003 necesse
1027 3939 1121 4018 foret,
1137 3940 1223 4024 qaod
1239 3939 1302 4024 ipsi
1316 3939 1383 4002 vim
1397 3936 1430 4001 vi
1445 3937 1647 4022 repellerent.

598 4039 674 4105 Hoc
685 4063 782 4120 anno,
795 4040 924 4120 iterum,
935 4039 1066 4124 prebuit
1080 4041 1244 4106 Dominus
1261 4041 1332 4106 Rex
1347 4060 1516 4104 assensum
1528 4041 1568 4105 ad
1584 4053 1706 4109 statuta

554 4145 594 4210 de
606 4145 737 4210 Oronia
746 4145 897 4227 tenenda,
907 4155 940 4212 et
951 4145 1039 4211 misit
1051 4145 1161 4212 brevia
1175 4166 1245 4226 sua,
1260 4146 1296 4212 in
1311 4145 1430 4231 quibus
1446 4155 1568 4210 statuta
1585 4148 1706 4234 scripta
