3920 5022
584 605 840 650 vrcncourrou
867 605 1154 650 nouuonrnnou.
1404 594 1445 650 29

293 755 388 824 nobis
414 755 560 841 potentis
578 754 791 821 formidanda.
846 756 934 820 Datu
949 756 1154 842 Aquisgrano
1171 756 1261 842 xviij.
1277 756 1328 822 die
1353 757 1445 838 Maii,

292 882 378 928 anno
392 860 483 944 regni
499 858 602 923 nostri
617 857 733 943 primo.

337 962 411 1027 Hoc
427 982 512 1025 enno
527 961 609 1025 circe
631 960 753 1026 festum
768 960 880 1026 Sancti
895 960 984 1025 Petri
998 961 1039 1024 ad
1054 961 1193 1027 Vinmrla
1207 961 1359 1026 militavit
1374 963 1447 1027 Rex

291 1065 408 1150 Anglie
428 1085 503 1128 cum
520 1084 636 1148 magno
657 1063 800 1128 exercitu
825 1085 923 1149 super
946 1064 1159 1129 Lewellinum
1182 1064 1286 1128 filium
1305 1065 1446 1144 Griffini,

293 1167 476 1252 Principem
490 1166 619 1246 Wallie,
635 1174 669 1230 et
683 1187 781 1251 super
795 1165 875 1229 elios
892 1166 1086 1246 Wallenees,
1101 1167 1157 1253 qui
1171 1177 1396 1253 opposuerunt
1410 1189 1445 1231 se

292 1281 403 1336 contra
416 1272 550 1355 Regem,
565 1292 604 1334 eo
620 1270 709 1354 quod
735 1270 901 1334 Dominus
928 1269 1108 1334 Edwardus
1123 1271 1211 1335 lilius
1228 1271 1327 1356 Regis
1342 1271 1447 1334 noluit

290 1374 363 1439 illos
378 1385 515 1440 tractare
530 1372 710 1437 secundum
726 1371 979 1436 consuetudines
994 1393 1119 1436 eorum.
1142 1373 1210 1440 Qui
1221 1374 1355 1438 veniens
1370 1395 1444 1437 eum

290 1478 434 1542 exercitu
449 1498 509 1541 suo
526 1476 685 1561 usquead
705 1485 848 1540 castrum
864 1474 950 1560 quod
967 1485 1100 1540 vocatur
1121 1475 1297 1555 Ghennok,
1321 1497 1445 1540 moram

292 1579 367 1642 fecit
381 1578 427 1641 ibi
441 1598 545 1660 usque
567 1576 608 1639 ed
632 1577 846 1642 Nativitatem
862 1576 955 1642 beate
975 1577 1090 1656 Murie,
1105 1588 1281 1663 expectans
1296 1579 1446 1643 homines

292 1701 368 1744 suos
392 1681 432 1744 de
458 1679 627 1758 Hibernia,
641 1701 723 1764 quos
746 1680 976 1758 mandaverst3
998 1692 1032 1745 et
1050 1680 1131 1765 ipsis
1146 1703 1211 1746 non
1228 1681 1445 1761 venientibus,

291 1804 365 1846 cum
392 1782 556 1845 Dominus
578 1782 647 1844 Rex
663 1781 799 1846 vidisset
814 1784 901 1866 quod
922 1803 988 1846 non
1003 1783 1113 1866 potuit
1133 1782 1316 1847 Wallenaes
1336 1785 1445 1870 oppri-

292 1907 389 1963 mere,
404 1886 468 1948 nisi
483 1907 555 1949 cum
573 1883 782 1949 multitudine
798 1885 996 1950 servientum
1011 1885 1290 1971 pedissequomm,
1306 1887 1381 1952 inde
1395 1909 1445 1952 re·

292 1989 400 2066 cessit,
416 1988 522 2073 posita
535 1997 723 2072 gernesturs
734 1986 767 2051 in
784 1987 898 2052 castris
913 1987 991 2052 suis.

337 2090 410 2155 Hoc
425 2112 510 2153 anno
525 2091 609 2154 cirea
629 2091 749 2155 festum
770 2090 960 2156 Natiuitatis
984 2091 1085 2156 Beate
1109 2091 1215 2158 Murie
1229 2113 1292 2177 pax
1307 2093 1445 2158 formata

290 2205 341 2258 est
355 2194 440 2258 inter
452 2192 549 2258 Cives
566 2192 810 2258 Londoniarum
826 2203 860 2257 et
873 2192 1035 2258 Abbatem
1049 2193 1089 2258 de
1104 2191 1282 2274 Waltham,
1298 2195 1353 2281 qui
1368 2206 1443 2260 ante

270 2297 418 2361 ¹fuerant
440 2295 615 2374 discordes,
631 2317 669 2360 eo
690 2296 777 2380 quod
800 2294 913 2360 Abbas
934 2296 1039 2360 voluit
1059 2295 1178 2362 habere
1201 2297 1381 2383 stallagium
1403 2298 1444 2364 do

289 2401 353 2464 illis
365 2400 397 2464 in
410 2397 565 2463 nundinis
577 2398 617 2464 de
630 2399 806 2478 Waltham,
821 2411 855 2464 et
863 2400 924 2464 hac
934 2400 974 2464 de
985 2422 1081 2464 causa
1092 2422 1206 2465 omnes
1218 2400 1444 2467 deLondoniis

289 2513 492 2567 retraxerunt
508 2525 554 2581 se,
569 2503 719 2568 nolentes
733 2502 844 2570 venire
853 2505 887 2568 in
899 2504 1053 2588 predictis
1065 2503 1221 2592 nundinis
1230 2504 1443 2570 deWaltham

290 2627 348 2691 per
363 2616 428 2670 tres
445 2627 548 2669 annos
564 2605 764 2691 etamplius.
808 2607 855 2670 Et
866 2616 917 2670 est
928 2607 1099 2672 concordia
1119 2607 1192 2670 telis
1221 2607 1309 2693 quod
1332 2606 1443 2673 Abbas

290 2707 720 2772 transmisitLondoniurum
732 2708 868 2772 Civibus
884 2710 993 2772 omniu
1009 2711 1124 2786 namia,
1136 2731 1199 2794 que
1213 2711 1445 2795 captefuerunt

290 2835 349 2897 pro
364 2812 451 2876 dioto
462 2811 618 2895 stallagio,
634 2820 668 2874 et
679 2833 738 2894 pro
761 2810 877 2874 namiis
897 2810 1033 2894 perditis
1048 2822 1082 2875 et
1096 2811 1235 2895 putridis
1250 2812 1393 2876 valorem
1409 2813 1443 2877 in

291 2915 440 2994 denariis,
452 2923 486 2979 et
500 2915 662 2978 concessit
676 2914 765 2998 quod
775 2913 862 2978 cives
877 2913 1012 2977 veniant
1026 2913 1067 2977 de
1082 2921 1189 2977 cetero
1200 2914 1235 2976 in
1250 2913 1346 2978 dictis
1358 2937 1443 2979 nun-

292 3016 388 3097 dinis,
403 3027 437 3081 et
447 3014 491 3081 ibi
508 3017 574 3080 sint
586 3015 685 3101 quieti
701 3016 741 3080 de
754 3015 843 3080 omni
859 3014 1004 3098 stellegio
1018 3013 1269 3100 imperpetuum.

377 3119 521 3181 Thomas
535 3117 620 3181 lilius
634 3117 771 3181 Thome.

379 3220 541 3285 Robertus
557 3220 597 3285 de
613 3220 791 3286 Catelonie.
1499 3231 1559 3326 ‚aff

339 3322 438 3386 Dicto
457 3343 535 3386 vero
553 3321 697 3386 Roberto
721 3333 861 3400 mortuo,
875 3323 980 3386 factus
1004 3332 1056 3386 est
1074 3322 1265 3387 Vicecomes
1287 3322 1441 3387 Metheus
1454 3293 1575 3391 manib
1582 3360 1616 3391 re-

292 3425 432 3490 Bukerel
447 3426 481 3489 in
498 3425 649 3490 Crastino
664 3425 774 3490 Sancti
789 3426 890 3504 Luce,
905 3425 961 3510 qui
976 3436 1105 3490 amotus
1119 3426 1181 3489 suit
1197 3426 1276 3490 Idus
1301 3409 1661 3530 Februa-malm

289 3528 338 3607 rii,
350 3536 384 3592 et
398 3529 503 3593 lactus
518 3538 570 3592 est
584 3527 773 3591 Vicecomes
785 3526 982 3592 Willielmus
999 3526 1180 3613 Grepefige.

334 3632 408 3696 Hoc
423 3653 510 3695 anno
524 3631 645 3695 creavit
670 3631 740 3694 Rex
754 3640 919 3695 monetam
942 3651 1072 3696 auream
1087 3631 1301 3711 denariorum,
1317 3633 1440 3716 ponde-

288 3735 332 3798 ris
348 3734 487 3798 duorum
513 3734 750 3818 sterlingorum,
773 3733 813 3797 de
836 3755 915 3798 auro
941 3733 1125 3818 purissimo,
1147 3743 1181 3798 et
1200 3733 1304 3799 voluit
1327 3744 1365 3800 ut
1387 3735 1441 3801 ille

289 3857 404 3900 aureus
418 3846 561 3900 curreret
574 3837 608 3899 in
623 3837 728 3921 pretio
744 3835 858 3920 viginti
872 3837 1110 3922 sterlingorum.

334 3937 410 4001 Hoc
423 3959 520 4016 anno,
532 3937 766 4002 dieDominica
781 3937 929 4022 proximo
944 3949 1020 4024 post
1035 3941 1154 4003 festum
1167 3937 1326 4002 Omnium
1342 3939 1442 4004 Sanc·

288 4047 408 4116 torum,
421 4038 625 4104 venientibus
642 4039 768 4105 Maiore
783 4049 816 4104 et
832 4039 968 4106 Civibus
979 4040 1225 4106 Londoniarum
1240 4062 1348 4106 coram
1372 4042 1442 4105 Do-
