<?xml version="1.0" encoding="UTF-8"?>
<!DOCTYPE html PUBLIC "-//W3C//DTD XHTML 1.0 Transitional//EN"
    "http://www.w3.org/TR/xhtml1/DTD/xhtml1-transitional.dtd">
<html xmlns="http://www.w3.org/1999/xhtml" xml:lang="en" lang="en">
 <head>
  <title>
</title>
<meta http-equiv="Content-Type" content="text/html;charset=utf-8" />
  <meta name='ocr-system' content='tesseract 3.04.00' />
  <meta name='ocr-capabilities' content='ocr_page ocr_carea ocr_par ocr_line ocrx_word'/>
</head>
<body>
  <div class='ocr_page' id='page_1' title='image "./deantiquislegib02fitzgoog_0399.png"; bbox 0 0 3930 5088; ppageno 0'>
   <div class='ocr_carea' id='block_1_1' title="bbox 588 635 1436 691">
    <p class='ocr_par' dir='ltr' id='par_1_1' title="bbox 588 635 1436 691">
     <span class='ocr_line' id='line_1_1' title="bbox 588 635 1436 691; baseline 0.007 -6"><span class='ocrx_word' id='word_1_1' title='bbox 588 639 846 690; x_wconf 82' lang='lat' dir='ltr'>vrcncourruu</span> <span class='ocrx_word' id='word_1_2' title='bbox 871 643 1153 691; x_wconf 76' lang='lat' dir='ltr'>nonnonrenuu.</span> <span class='ocrx_word' id='word_1_3' title='bbox 1375 635 1436 691; x_wconf 80' lang='lat'>123</span> 
     </span>
    </p>
   </div>
   <div class='ocr_carea' id='block_1_2' title="bbox 290 783 1435 875">
    <p class='ocr_par' dir='ltr' id='par_1_2' title="bbox 290 783 1435 875">
     <span class='ocr_line' id='line_1_2' title="bbox 290 783 1435 875; baseline 0.012 -27"><span class='ocrx_word' id='word_1_4' title='bbox 290 783 436 874; x_wconf 85' lang='lat' dir='ltr'>Rogerus</span> <span class='ocrx_word' id='word_1_5' title='bbox 463 788 656 874; x_wconf 71' lang='lat' dir='ltr'>cestrensis,</span> <span class='ocrx_word' id='word_1_6' title='bbox 679 794 842 860; x_wconf 85' lang='lat' dir='ltr'>Walterus</span> <span class='ocrx_word' id='word_1_7' title='bbox 868 795 1147 875; x_wconf 90' lang='lat' dir='ltr'>Sarresberiensis,</span> <span class='ocrx_word' id='word_1_8' title='bbox 1171 797 1378 861; x_wconf 90' lang='lat' dir='ltr'>Batoniensis</span> <span class='ocrx_word' id='word_1_9' title='bbox 1400 807 1435 862; x_wconf 91' lang='lat' dir='ltr'>et</span> 
     </span>
    </p>
   </div>
   <div class='ocr_carea' id='block_1_3' title="bbox 267 893 1571 4255">
    <p class='ocr_par' dir='ltr' id='par_1_3' title="bbox 275 893 1571 2920">
     <span class='ocr_line' id='line_1_3' title="bbox 289 893 1434 985; baseline 0.01 -31"><span class='ocrx_word' id='word_1_10' title='bbox 289 893 460 977; x_wconf 80' lang='lat' dir='ltr'>(Arrianus)</span> <span class='ocrx_word' id='word_1_11' title='bbox 500 895 610 962; x_wconf 81' lang='lat' dir='ltr'>Sancti</span> <span class='ocrx_word' id='word_1_12' title='bbox 643 898 843 966; x_wconf 81' lang='lat' dir='ltr'>Thesavenis</span> <span class='ocrx_word' id='word_1_13' title='bbox 872 901 914 965; x_wconf 88' lang='lat' dir='ltr'>de</span> <span class='ocrx_word' id='word_1_14' title='bbox 937 899 1076 978; x_wconf 84' lang='lat' dir='ltr'>Wallia3</span> <span class='ocrx_word' id='word_1_15' title='bbox 1110 899 1166 985; x_wconf 90' lang='lat' dir='ltr'>qui</span> <span class='ocrx_word' id='word_1_16' title='bbox 1195 899 1342 964; x_wconf 87' lang='lat' dir='ltr'>fecerunt</span> <span class='ocrx_word' id='word_1_17' title='bbox 1370 901 1434 984; x_wconf 93' lang='lat' dir='ltr'>legi</span> 
     </span>
     <span class='ocr_line' id='line_1_4' title="bbox 286 995 1433 1088; baseline 0.01 -32"><span class='ocrx_word' id='word_1_18' title='bbox 286 995 447 1076; x_wconf 88' lang='lat' dir='ltr'>quandam</span> <span class='ocrx_word' id='word_1_19' title='bbox 468 995 590 1062; x_wconf 89' lang='lat' dir='ltr'>bullam</span> <span class='ocrx_word' id='word_1_20' title='bbox 613 999 801 1068; x_wconf 89' lang='lat' dir='ltr'>Innocencii</span> <span class='ocrx_word' id='word_1_21' title='bbox 825 1004 923 1088; x_wconf 87' lang='lat' dir='ltr'>Pape,</span> <span class='ocrx_word' id='word_1_22' title='bbox 949 1023 1011 1086; x_wconf 93' lang='lat' dir='ltr'>que</span> <span class='ocrx_word' id='word_1_23' title='bbox 1037 1001 1240 1066; x_wconf 83' lang='lat' dir='ltr'>confirmavit</span> <span class='ocrx_word' id='word_1_24' title='bbox 1263 1002 1377 1066; x_wconf 80' lang='lat' dir='ltr'>Certus</span> <span class='ocrx_word' id='word_1_25' title='bbox 1393 1003 1433 1067; x_wconf 91' lang='lat' dir='ltr'>de</span> 
     </span>
     <span class='ocr_line' id='line_1_5' title="bbox 286 1095 1433 1189; baseline 0.009 -30"><span class='ocrx_word' id='word_1_26' title='bbox 286 1095 506 1162; x_wconf 87' lang='lat' dir='ltr'>Libertatibus</span> <span class='ocrx_word' id='word_1_27' title='bbox 532 1099 648 1186; x_wconf 89' lang='lat' dir='ltr'>Anglie</span> <span class='ocrx_word' id='word_1_28' title='bbox 666 1114 699 1169; x_wconf 92' lang='lat' dir='ltr'>et</span> <span class='ocrx_word' id='word_1_29' title='bbox 719 1104 759 1169; x_wconf 93' lang='lat' dir='ltr'>de</span> <span class='ocrx_word' id='word_1_30' title='bbox 786 1105 932 1182; x_wconf 84' lang='lat' dir='ltr'>Foresta,</span> <span class='ocrx_word' id='word_1_31' title='bbox 956 1119 1036 1189; x_wconf 83' lang='lat' dir='ltr'>quas</span> <span class='ocrx_word' id='word_1_32' title='bbox 1058 1105 1129 1169; x_wconf 86' lang='lat' dir='ltr'>Rex</span> <span class='ocrx_word' id='word_1_33' title='bbox 1150 1105 1228 1169; x_wconf 82' lang='lat' dir='ltr'>fecit</span> <span class='ocrx_word' id='word_1_34' title='bbox 1250 1104 1433 1170; x_wconf 79' lang='lat' dir='ltr'>Batonibus</span> 
     </span>
     <span class='ocr_line' id='line_1_6' title="bbox 285 1203 1433 1292; baseline 0.005 -26"><span class='ocrx_word' id='word_1_35' title='bbox 285 1203 412 1288; x_wconf 87' lang='lat' dir='ltr'>Anglie,</span> <span class='ocrx_word' id='word_1_36' title='bbox 440 1227 527 1271; x_wconf 88' lang='lat' dir='ltr'>anno</span> <span class='ocrx_word' id='word_1_37' title='bbox 550 1208 640 1292; x_wconf 91' lang='lat' dir='ltr'>regni</span> <span class='ocrx_word' id='word_1_38' title='bbox 669 1205 720 1269; x_wconf 91' lang='lat' dir='ltr'>sui</span> <span class='ocrx_word' id='word_1_39' title='bbox 745 1227 854 1285; x_wconf 84' lang='lat' dir='ltr'>non03</span> <span class='ocrx_word' id='word_1_40' title='bbox 886 1215 920 1270; x_wconf 88' lang='lat' dir='ltr'>et</span> <span class='ocrx_word' id='word_1_41' title='bbox 947 1206 1093 1270; x_wconf 84' lang='lat' dir='ltr'>fecerunt</span> <span class='ocrx_word' id='word_1_42' title='bbox 1117 1206 1180 1292; x_wconf 89' lang='lat' dir='ltr'>legi</span> <span class='ocrx_word' id='word_1_43' title='bbox 1206 1227 1314 1271; x_wconf 86' lang='lat' dir='ltr'>coram</span> <span class='ocrx_word' id='word_1_44' title='bbox 1343 1207 1433 1272; x_wconf 91' lang='lat' dir='ltr'>omni</span> 
     </span>
     <span class='ocr_line' id='line_1_7' title="bbox 285 1303 1433 1395; baseline 0.003 -25"><span class='ocrx_word' id='word_1_45' title='bbox 285 1303 406 1392; x_wconf 90' lang='lat' dir='ltr'>populo</span> <span class='ocrx_word' id='word_1_46' title='bbox 421 1317 531 1392; x_wconf 85' lang='lat' dir='ltr'>aperte</span> <span class='ocrx_word' id='word_1_47' title='bbox 553 1318 587 1372; x_wconf 89' lang='lat' dir='ltr'>et</span> <span class='ocrx_word' id='word_1_48' title='bbox 610 1309 761 1372; x_wconf 90' lang='lat' dir='ltr'>distincte</span> <span class='ocrx_word' id='word_1_49' title='bbox 776 1311 982 1386; x_wconf 89' lang='lat' dir='ltr'>sententiam,</span> <span class='ocrx_word' id='word_1_50' title='bbox 1005 1329 1067 1392; x_wconf 91' lang='lat' dir='ltr'>que</span> <span class='ocrx_word' id='word_1_51' title='bbox 1089 1328 1147 1393; x_wconf 91' lang='lat' dir='ltr'>per</span> <span class='ocrx_word' id='word_1_52' title='bbox 1166 1309 1221 1393; x_wconf 85' lang='lat' dir='ltr'>xiij</span> <span class='ocrx_word' id='word_1_53' title='bbox 1238 1309 1433 1395; x_wconf 86' lang='lat' dir='ltr'>Episcopus,</span> 
     </span>
     <span class='ocr_line' id='line_1_8' title="bbox 285 1408 1432 1495; baseline 0.004 -24"><span class='ocrx_word' id='word_1_54' title='bbox 285 1408 522 1491; x_wconf 87' lang='lat' dir='ltr'>pontificalibus</span> <span class='ocrx_word' id='word_1_55' title='bbox 543 1409 686 1488; x_wconf 91' lang='lat' dir='ltr'>indutos,</span> <span class='ocrx_word' id='word_1_56' title='bbox 707 1410 804 1473; x_wconf 89' lang='lat' dir='ltr'>Anno</span> <span class='ocrx_word' id='word_1_57' title='bbox 828 1409 962 1473; x_wconf 88' lang='lat' dir='ltr'><strong>Domini</strong></span> <span class='ocrx_word' id='word_1_58' title='bbox 979 1408 1238 1474; x_wconf 80' lang='lat' dir='ltr'>M⁰.cc⁰.1.1110.</span> <span class='ocrx_word' id='word_1_59' title='bbox 1261 1411 1295 1474; x_wconf 93' lang='lat' dir='ltr'>in</span> <span class='ocrx_word' id='word_1_60' title='bbox 1318 1412 1432 1495; x_wconf 89' lang='lat' dir='ltr'>majori</span> 
     </span>
     <span class='ocr_line' id='line_1_9' title="bbox 284 1512 1432 1600; baseline 0.003 -25"><span class='ocrx_word' id='word_1_61' title='bbox 284 1513 357 1576; x_wconf 86' lang='lat' dir='ltr'>aula</span> <span class='ocrx_word' id='word_1_62' title='bbox 380 1513 674 1592; x_wconf 81' lang='lat' dir='ltr'>westmonasterii,</span> <span class='ocrx_word' id='word_1_63' title='bbox 698 1535 806 1578; x_wconf 88' lang='lat' dir='ltr'>coram</span> <span class='ocrx_word' id='word_1_64' title='bbox 827 1513 971 1579; x_wconf 90' lang='lat' dir='ltr'>Domino</span> <span class='ocrx_word' id='word_1_65' title='bbox 997 1512 1086 1597; x_wconf 87' lang='lat' dir='ltr'>Rege</span> <span class='ocrx_word' id='word_1_66' title='bbox 1109 1523 1144 1577; x_wconf 90' lang='lat' dir='ltr'>et</span> <span class='ocrx_word' id='word_1_67' title='bbox 1167 1514 1279 1578; x_wconf 87' lang='lat' dir='ltr'>multis</span> <span class='ocrx_word' id='word_1_68' title='bbox 1302 1537 1432 1600; x_wconf 87' lang='lat' dir='ltr'>megna-</span> 
     </span>
     <span class='ocr_line' id='line_1_10' title="bbox 282 1613 1432 1699; baseline 0.003 -21"><span class='ocrx_word' id='word_1_69' title='bbox 282 1615 371 1679; x_wconf 91' lang='lat' dir='ltr'>tibus</span> <span class='ocrx_word' id='word_1_70' title='bbox 396 1616 511 1699; x_wconf 90' lang='lat' dir='ltr'>Anglie</span> <span class='ocrx_word' id='word_1_71' title='bbox 542 1615 607 1679; x_wconf 86' lang='lat' dir='ltr'>lata</span> <span class='ocrx_word' id='word_1_72' title='bbox 629 1615 692 1678; x_wconf 87' lang='lat' dir='ltr'>luit</span> <span class='ocrx_word' id='word_1_73' title='bbox 717 1613 750 1677; x_wconf 92' lang='lat' dir='ltr'>in</span> <span class='ocrx_word' id='word_1_74' title='bbox 781 1635 894 1678; x_wconf 88' lang='lat' dir='ltr'>omnes</span> <span class='ocrx_word' id='word_1_75' title='bbox 924 1624 1178 1698; x_wconf 80' lang='lat' dir='ltr'>transgressores</span> <span class='ocrx_word' id='word_1_76' title='bbox 1215 1616 1432 1698; x_wconf 88' lang='lat' dir='ltr'>predictarum</span> 
     </span>
     <span class='ocr_line' id='line_1_11' title="bbox 283 1715 1429 1800; baseline 0.003 -22"><span class='ocrx_word' id='word_1_77' title='bbox 283 1727 453 1779; x_wconf 84' lang='lat' dir='ltr'>cartarum.</span> <span class='ocrx_word' id='word_1_78' title='bbox 498 1715 626 1782; x_wconf 74' lang='lat' dir='ltr'>Quibus</span> <span class='ocrx_word' id='word_1_79' title='bbox 652 1715 744 1780; x_wconf 87' lang='lat' dir='ltr'>lectis</span> <span class='ocrx_word' id='word_1_80' title='bbox 769 1724 803 1780; x_wconf 92' lang='lat' dir='ltr'>et</span> <span class='ocrx_word' id='word_1_81' title='bbox 827 1737 847 1779; x_wconf 84' lang='lat' dir='ltr'>a</span> <span class='ocrx_word' id='word_1_82' title='bbox 872 1715 994 1800; x_wconf 92' lang='lat' dir='ltr'>populo</span> <span class='ocrx_word' id='word_1_83' title='bbox 1014 1715 1198 1794; x_wconf 83' lang='lat' dir='ltr'>intellectis,</span> <span class='ocrx_word' id='word_1_84' title='bbox 1224 1717 1287 1800; x_wconf 86' lang='lat' dir='ltr'>ipsi</span> <span class='ocrx_word' id='word_1_85' title='bbox 1312 1739 1429 1782; x_wconf 82' lang='lat' dir='ltr'>novem</span> 
     </span>
     <span class='ocr_line' id='line_1_12' title="bbox 283 1817 1432 1903; baseline 0.003 -23"><span class='ocrx_word' id='word_1_86' title='bbox 283 1818 439 1902; x_wconf 87' lang='lat' dir='ltr'>Episcopi</span> <span class='ocrx_word' id='word_1_87' title='bbox 462 1819 823 1882; x_wconf 85' lang='lat' dir='ltr'>excommunicaverunt</span> <span class='ocrx_word' id='word_1_88' title='bbox 848 1839 973 1897; x_wconf 89' lang='lat' dir='ltr'>omnes,</span> <span class='ocrx_word' id='word_1_89' title='bbox 994 1817 1049 1902; x_wconf 93' lang='lat' dir='ltr'>qui</span> <span class='ocrx_word' id='word_1_90' title='bbox 1063 1827 1140 1903; x_wconf 88' lang='lat' dir='ltr'>post</span> <span class='ocrx_word' id='word_1_91' title='bbox 1155 1819 1333 1903; x_wconf 88' lang='lat' dir='ltr'>predictam</span> <span class='ocrx_word' id='word_1_92' title='bbox 1356 1843 1432 1886; x_wconf 91' lang='lat' dir='ltr'>sen-</span> 
     </span>
     <span class='ocr_line' id='line_1_13' title="bbox 282 1919 1429 2007; baseline 0.005 -25"><span class='ocrx_word' id='word_1_93' title='bbox 282 1919 416 1984; x_wconf 86' lang='lat' dir='ltr'>tentiam</span> <span class='ocrx_word' id='word_1_94' title='bbox 432 1921 529 1984; x_wconf 81' lang='lat' dir='ltr'>latsm</span> <span class='ocrx_word' id='word_1_95' title='bbox 539 1919 657 2005; x_wconf 90' lang='lat' dir='ltr'>aliquid</span> <span class='ocrx_word' id='word_1_96' title='bbox 674 1919 879 1984; x_wconf 82' lang='lat' dir='ltr'>leceruntvel</span> <span class='ocrx_word' id='word_1_97' title='bbox 893 1921 1150 2004; x_wconf 88' lang='lat' dir='ltr'>impetraverunt</span> <span class='ocrx_word' id='word_1_98' title='bbox 1164 1930 1277 1985; x_wconf 90' lang='lat' dir='ltr'>contra</span> <span class='ocrx_word' id='word_1_99' title='bbox 1291 1923 1429 2007; x_wconf 91' lang='lat' dir='ltr'>aliquem</span> 
     </span>
     <span class='ocr_line' id='line_1_14' title="bbox 281 2021 1429 2108; baseline 0.002 -21"><span class='ocrx_word' id='word_1_100' title='bbox 281 2023 451 2087; x_wconf 86' lang='lat' dir='ltr'>articulum</span> <span class='ocrx_word' id='word_1_101' title='bbox 475 2025 509 2088; x_wconf 89' lang='lat' dir='ltr'>in</span> <span class='ocrx_word' id='word_1_102' title='bbox 534 2023 686 2108; x_wconf 87' lang='lat' dir='ltr'>predictis</span> <span class='ocrx_word' id='word_1_103' title='bbox 715 2023 812 2088; x_wconf 90' lang='lat' dir='ltr'>cartis</span> <span class='ocrx_word' id='word_1_104' title='bbox 837 2021 1066 2106; x_wconf 89' lang='lat' dir='ltr'>specificatum.</span> <span class='ocrx_word' id='word_1_105' title='bbox 1119 2024 1429 2089; x_wconf 85' lang='lat' dir='ltr'>Excommunicave-</span> 
     </span>
     <span class='ocr_line' id='line_1_15' title="bbox 279 2123 1428 2210; baseline 0.002 -22"><span class='ocrx_word' id='word_1_106' title='bbox 279 2136 356 2190; x_wconf 91' lang='lat' dir='ltr'>runt</span> <span class='ocrx_word' id='word_1_107' title='bbox 371 2125 467 2189; x_wconf 87' lang='lat' dir='ltr'>etiam</span> <span class='ocrx_word' id='word_1_108' title='bbox 483 2147 607 2204; x_wconf 92' lang='lat' dir='ltr'>omnes,</span> <span class='ocrx_word' id='word_1_109' title='bbox 623 2126 688 2210; x_wconf 92' lang='lat' dir='ltr'>qui,</span> <span class='ocrx_word' id='word_1_110' title='bbox 703 2125 737 2189; x_wconf 91' lang='lat' dir='ltr'>in</span> <span class='ocrx_word' id='word_1_111' title='bbox 752 2124 993 2209; x_wconf 85' lang='lat' dir='ltr'>perturbatione</span> <span class='ocrx_word' id='word_1_112' title='bbox 1008 2123 1119 2189; x_wconf 90' lang='lat' dir='ltr'>habita</span> <span class='ocrx_word' id='word_1_113' title='bbox 1133 2126 1167 2188; x_wconf 91' lang='lat' dir='ltr'>in</span> <span class='ocrx_word' id='word_1_114' title='bbox 1188 2147 1299 2210; x_wconf 91' lang='lat' dir='ltr'>regno,</span> <span class='ocrx_word' id='word_1_115' title='bbox 1311 2148 1428 2191; x_wconf 89' lang='lat' dir='ltr'>manus</span> 
     </span>
     <span class='ocr_line' id='line_1_16' title="bbox 278 2227 1428 2314; baseline 0 -20"><span class='ocrx_word' id='word_1_116' title='bbox 278 2229 436 2294; x_wconf 80' lang='lat' dir='ltr'>violentas</span> <span class='ocrx_word' id='word_1_117' title='bbox 455 2228 489 2292; x_wconf 92' lang='lat' dir='ltr'>in</span> <span class='ocrx_word' id='word_1_118' title='bbox 512 2238 653 2292; x_wconf 87' lang='lat' dir='ltr'>rectores</span> <span class='ocrx_word' id='word_1_119' title='bbox 668 2237 725 2292; x_wconf 89' lang='lat' dir='ltr'>aut</span> <span class='ocrx_word' id='word_1_120' title='bbox 739 2228 872 2292; x_wconf 87' lang='lat' dir='ltr'>clericos</span> <span class='ocrx_word' id='word_1_121' title='bbox 886 2227 1076 2312; x_wconf 87' lang='lat' dir='ltr'>injecerunt,</span> <span class='ocrx_word' id='word_1_122' title='bbox 1091 2238 1125 2292; x_wconf 93' lang='lat' dir='ltr'>et</span> <span class='ocrx_word' id='word_1_123' title='bbox 1139 2229 1195 2312; x_wconf 92' lang='lat' dir='ltr'>qui</span> <span class='ocrx_word' id='word_1_124' title='bbox 1209 2229 1305 2308; x_wconf 85' lang='lat' dir='ltr'>bona,</span> <span class='ocrx_word' id='word_1_125' title='bbox 1320 2229 1428 2314; x_wconf 87' lang='lat' dir='ltr'>cujus-</span> 
     </span>
     <span class='ocr_line' id='line_1_17' title="bbox 277 2329 1428 2416; baseline -0.001 -20"><span class='ocrx_word' id='word_1_126' title='bbox 277 2352 404 2416; x_wconf 84' lang='lat' dir='ltr'>cunque</span> <span class='ocrx_word' id='word_1_127' title='bbox 426 2332 557 2396; x_wconf 87' lang='lat' dir='ltr'>fueront</span> <span class='ocrx_word' id='word_1_128' title='bbox 580 2329 615 2394; x_wconf 90' lang='lat' dir='ltr'>in</span> <span class='ocrx_word' id='word_1_129' title='bbox 636 2329 733 2396; x_wconf 87' lang='lat' dir='ltr'>sacris</span> <span class='ocrx_word' id='word_1_130' title='bbox 752 2329 831 2393; x_wconf 90' lang='lat' dir='ltr'>locis</span> <span class='ocrx_word' id='word_1_131' title='bbox 847 2329 1005 2415; x_wconf 74' lang='lat' dir='ltr'>deposita,</span> <span class='ocrx_word' id='word_1_132' title='bbox 1020 2339 1176 2414; x_wconf 89' lang='lat' dir='ltr'>ceperunt</span> <span class='ocrx_word' id='word_1_133' title='bbox 1196 2340 1231 2395; x_wconf 92' lang='lat' dir='ltr'>et</span> <span class='ocrx_word' id='word_1_134' title='bbox 1243 2341 1428 2414; x_wconf 84' lang='lat' dir='ltr'>asportave-</span> 
     </span>
     <span class='ocr_line' id='line_1_18' title="bbox 276 2433 1428 2519; baseline 0 -20"><span class='ocrx_word' id='word_1_135' title='bbox 276 2445 364 2514; x_wconf 86' lang='lat' dir='ltr'>runt,</span> <span class='ocrx_word' id='word_1_136' title='bbox 382 2435 445 2499; x_wconf 89' lang='lat' dir='ltr'>nisi</span> <span class='ocrx_word' id='word_1_137' title='bbox 460 2435 544 2498; x_wconf 86' lang='lat' dir='ltr'>infra</span> <span class='ocrx_word' id='word_1_138' title='bbox 560 2435 754 2519; x_wconf 88' lang='lat' dir='ltr'>quindenam</span> <span class='ocrx_word' id='word_1_139' title='bbox 769 2442 847 2518; x_wconf 92' lang='lat' dir='ltr'>post</span> <span class='ocrx_word' id='word_1_140' title='bbox 868 2433 1050 2518; x_wconf 89' lang='lat' dir='ltr'>predictum</span> <span class='ocrx_word' id='word_1_141' title='bbox 1073 2433 1159 2498; x_wconf 90' lang='lat' dir='ltr'>diem</span> <span class='ocrx_word' id='word_1_142' title='bbox 1173 2434 1214 2498; x_wconf 88' lang='lat' dir='ltr'>sd</span> <span class='ocrx_word' id='word_1_143' title='bbox 1229 2435 1428 2500; x_wconf 88' lang='lat' dir='ltr'>emendatio·</span> 
     </span>
     <span class='ocr_line' id='line_1_19' title="bbox 276 2534 1426 2616; baseline 0.002 -16"><span class='ocrx_word' id='word_1_144' title='bbox 276 2559 351 2602; x_wconf 89' lang='lat' dir='ltr'>nem</span> <span class='ocrx_word' id='word_1_145' title='bbox 380 2537 523 2616; x_wconf 81' lang='lat' dir='ltr'>veniant,</span> <span class='ocrx_word' id='word_1_146' title='bbox 549 2545 582 2600; x_wconf 93' lang='lat' dir='ltr'>et</span> <span class='ocrx_word' id='word_1_147' title='bbox 608 2536 786 2601; x_wconf 91' lang='lat' dir='ltr'>secundum</span> <span class='ocrx_word' id='word_1_148' title='bbox 802 2534 971 2601; x_wconf 89' lang='lat' dir='ltr'>arbitrium</span> <span class='ocrx_word' id='word_1_149' title='bbox 996 2536 1142 2602; x_wconf 91' lang='lat' dir='ltr'>locorum</span> <span class='ocrx_word' id='word_1_150' title='bbox 1168 2536 1426 2602; x_wconf 83' lang='lat' dir='ltr'>diocesaniorum</span> 
     </span>
     <span class='ocr_line' id='line_1_20' title="bbox 276 2636 1426 2723; baseline 0.002 -22"><span class='ocrx_word' id='word_1_151' title='bbox 276 2639 499 2703; x_wconf 80' lang='lat' dir='ltr'>satisfecerint.</span> <span class='ocrx_word' id='word_1_152' title='bbox 544 2637 618 2702; x_wconf 74' lang='lat' dir='ltr'>Due</span> <span class='ocrx_word' id='word_1_153' title='bbox 641 2637 802 2701; x_wconf 85' lang='lat' dir='ltr'>sententia</span> <span class='ocrx_word' id='word_1_154' title='bbox 824 2647 939 2719; x_wconf 87' lang='lat' dir='ltr'>postea</span> <span class='ocrx_word' id='word_1_155' title='bbox 962 2637 1124 2720; x_wconf 85' lang='lat' dir='ltr'>divulgata</span> <span class='ocrx_word' id='word_1_156' title='bbox 1149 2636 1211 2700; x_wconf 85' lang='lat' dir='ltr'>fuit</span> <span class='ocrx_word' id='word_1_157' title='bbox 1233 2637 1267 2702; x_wconf 91' lang='lat' dir='ltr'>in</span> <span class='ocrx_word' id='word_1_158' title='bbox 1291 2637 1426 2723; x_wconf 87' lang='lat' dir='ltr'>singulis</span> 
     </span>
     <span class='ocr_line' id='line_1_21' title="bbox 275 2735 1187 2820; baseline -0.004 -16"><span class='ocrx_word' id='word_1_159' title='bbox 275 2738 418 2804; x_wconf 91' lang='lat' dir='ltr'>ecclesiis</span> <span class='ocrx_word' id='word_1_160' title='bbox 433 2735 675 2800; x_wconf 90' lang='lat' dir='ltr'>Londoniarum</span> <span class='ocrx_word' id='word_1_161' title='bbox 692 2756 750 2820; x_wconf 92' lang='lat' dir='ltr'>per</span> <span class='ocrx_word' id='word_1_162' title='bbox 765 2735 962 2818; x_wconf 87' lang='lat' dir='ltr'>presbiteros</span> <span class='ocrx_word' id='word_1_163' title='bbox 976 2735 1187 2819; x_wconf 85' lang='lat' dir='ltr'>parochiales.</span> 
     </span>
     <span class='ocr_line' id='line_1_22' title="bbox 316 2836 1571 2920; baseline 0.007 -18"><span class='ocrx_word' id='word_1_164' title='bbox 316 2839 394 2918; x_wconf 86' lang='lat' dir='ltr'>lDie</span> <span class='ocrx_word' id='word_1_165' title='bbox 410 2837 527 2901; x_wconf 87' lang='lat' dir='ltr'>Martis</span> <span class='ocrx_word' id='word_1_166' title='bbox 542 2845 617 2900; x_wconf 89' lang='lat' dir='ltr'>ante</span> <span class='ocrx_word' id='word_1_167' title='bbox 633 2837 860 2912; x_wconf 88' lang='lat' dir='ltr'>Pentecosten,</span> <span class='ocrx_word' id='word_1_168' title='bbox 878 2847 958 2900; x_wconf 98' lang='grc' dir='ltr'>ωηο</span> <span class='ocrx_word' id='word_1_169' title='bbox 974 2836 1062 2920; x_wconf 82' lang='lat' dir='ltr'>xxvij</span> <span class='ocrx_word' id='word_1_170' title='bbox 1079 2837 1131 2900; x_wconf 91' lang='lat' dir='ltr'>die</span> <span class='ocrx_word' id='word_1_171' title='bbox 1148 2837 1241 2913; x_wconf 90' lang='lat' dir='ltr'>Maii,</span> <span class='ocrx_word' id='word_1_172' title='bbox 1257 2838 1330 2902; x_wconf 85' lang='lat' dir='ltr'>Rex</span> <span class='ocrx_word' id='word_1_173' title='bbox 1345 2840 1469 2920; x_wconf 77' lang='lat' dir='ltr'>Ale-so.</span> <span class='ocrx_word' id='word_1_174' title='bbox 1481 2860 1528 2908; x_wconf 81' lang='lat'>120</span> <span class='ocrx_word' id='word_1_175' title='bbox 1540 2870 1571 2912; x_wconf 62' lang='grc' dir='ltr'>ν’.</span> 
     </span>
    </p>

    <p class='ocr_par' dir='ltr' id='par_1_4' title="bbox 267 2934 1425 4255">
     <span class='ocr_line' id='line_1_23' title="bbox 275 2934 1425 3022; baseline 0 -18"><span class='ocrx_word' id='word_1_176' title='bbox 275 2938 403 3004; x_wconf 87' lang='lat' dir='ltr'>mannie</span> <span class='ocrx_word' id='word_1_177' title='bbox 418 2935 643 3022; x_wconf 87' lang='lat' dir='ltr'>pronunciavit</span> <span class='ocrx_word' id='word_1_178' title='bbox 655 2937 776 3000; x_wconf 89' lang='lat' dir='ltr'>dictum</span> <span class='ocrx_word' id='word_1_179' title='bbox 793 2957 889 2999; x_wconf 91' lang='lat' dir='ltr'>suum</span> <span class='ocrx_word' id='word_1_180' title='bbox 904 2934 965 2998; x_wconf 93' lang='lat' dir='ltr'>sub</span> <span class='ocrx_word' id='word_1_181' title='bbox 979 2936 1040 3000; x_wconf 91' lang='lat' dir='ltr'>hac</span> <span class='ocrx_word' id='word_1_182' title='bbox 1054 2936 1178 3015; x_wconf 82' lang='lat' dir='ltr'>lorma3</span> <span class='ocrx_word' id='word_1_183' title='bbox 1201 2937 1289 3021; x_wconf 91' lang='lat' dir='ltr'>quod</span> <span class='ocrx_word' id='word_1_184' title='bbox 1312 2939 1341 3002; x_wconf 89' lang='lat' dir='ltr'>si</span> <span class='ocrx_word' id='word_1_185' title='bbox 1354 2940 1425 3004; x_wconf 80' lang='lat' dir='ltr'>Do-</span> 
     </span>
     <span class='ocr_line' id='line_1_24' title="bbox 275 3036 1424 3118; baseline 0.002 -14"><span class='ocrx_word' id='word_1_186' title='bbox 275 3041 383 3104; x_wconf 87' lang='lat' dir='ltr'>minus</span> <span class='ocrx_word' id='word_1_187' title='bbox 397 3038 578 3104; x_wconf 82' lang='lat' dir='ltr'>Edwardus</span> <span class='ocrx_word' id='word_1_188' title='bbox 593 3058 680 3102; x_wconf 92' lang='lat' dir='ltr'>mare</span> <span class='ocrx_word' id='word_1_189' title='bbox 695 3046 837 3102; x_wconf 87' lang='lat' dir='ltr'>transeat</span> <span class='ocrx_word' id='word_1_190' title='bbox 850 3058 963 3102; x_wconf 84' lang='lat' dir='ltr'>versus</span> <span class='ocrx_word' id='word_1_191' title='bbox 976 3036 1109 3102; x_wconf 80' lang='lat' dir='ltr'>Terram</span> <span class='ocrx_word' id='word_1_192' title='bbox 1125 3037 1287 3118; x_wconf 85' lang='lat' dir='ltr'>Sanctam,</span> <span class='ocrx_word' id='word_1_193' title='bbox 1313 3061 1424 3108; x_wconf 88' lang='lat' dir='ltr'>mense</span> 
     </span>
     <span class='ocr_line' id='line_1_25' title="bbox 274 3139 1424 3226; baseline 0.001 -19"><span class='ocrx_word' id='word_1_194' title='bbox 274 3140 469 3226; x_wconf 87' lang='lat' dir='ltr'>Septembri,</span> <span class='ocrx_word' id='word_1_195' title='bbox 494 3148 573 3205; x_wconf 88' lang='lat' dir='ltr'>tunc</span> <span class='ocrx_word' id='word_1_196' title='bbox 600 3140 718 3204; x_wconf 86' lang='lat' dir='ltr'>Comes</span> <span class='ocrx_word' id='word_1_197' title='bbox 747 3139 922 3205; x_wconf 85' lang='lat' dir='ltr'>Glovernie</span> <span class='ocrx_word' id='word_1_198' title='bbox 951 3139 1102 3205; x_wconf 90' lang='lat' dir='ltr'>transibit</span> <span class='ocrx_word' id='word_1_199' title='bbox 1128 3139 1311 3226; x_wconf 88' lang='lat' dir='ltr'>predictum</span> <span class='ocrx_word' id='word_1_200' title='bbox 1335 3165 1424 3208; x_wconf 91' lang='lat' dir='ltr'>mare</span> 
     </span>
     <span class='ocr_line' id='line_1_26' title="bbox 274 3241 1423 3329; baseline 0.002 -21"><span class='ocrx_word' id='word_1_201' title='bbox 274 3264 385 3308; x_wconf 92' lang='lat' dir='ltr'>mense</span> <span class='ocrx_word' id='word_1_202' title='bbox 400 3241 522 3306; x_wconf 87' lang='lat' dir='ltr'>Martio</span> <span class='ocrx_word' id='word_1_203' title='bbox 537 3243 686 3327; x_wconf 85' lang='lat' dir='ltr'>proximo</span> <span class='ocrx_word' id='word_1_204' title='bbox 702 3242 858 3326; x_wconf 89' lang='lat' dir='ltr'>sequenti.</span> <span class='ocrx_word' id='word_1_205' title='bbox 902 3243 949 3306; x_wconf 89' lang='lat' dir='ltr'>Et</span> <span class='ocrx_word' id='word_1_206' title='bbox 974 3242 1002 3306; x_wconf 92' lang='lat' dir='ltr'>si</span> <span class='ocrx_word' id='word_1_207' title='bbox 1017 3242 1122 3308; x_wconf 88' lang='lat' dir='ltr'>dictus</span> <span class='ocrx_word' id='word_1_208' title='bbox 1138 3243 1258 3324; x_wconf 81' lang='lat' dir='ltr'>Comes</span> <span class='ocrx_word' id='word_1_209' title='bbox 1278 3266 1338 3329; x_wconf 91' lang='lat' dir='ltr'>pro</span> <span class='ocrx_word' id='word_1_210' title='bbox 1353 3246 1423 3310; x_wconf 90' lang='lat' dir='ltr'>Do·</span> 
     </span>
     <span class='ocr_line' id='line_1_27' title="bbox 273 3344 1422 3433; baseline 0.003 -23"><span class='ocrx_word' id='word_1_211' title='bbox 273 3347 362 3410; x_wconf 90' lang='lat' dir='ltr'>mino</span> <span class='ocrx_word' id='word_1_212' title='bbox 378 3347 477 3430; x_wconf 83' lang='lat' dir='ltr'>Rege,</span> <span class='ocrx_word' id='word_1_213' title='bbox 492 3345 548 3430; x_wconf 93' lang='lat' dir='ltr'>qui</span> <span class='ocrx_word' id='word_1_214' title='bbox 569 3344 822 3428; x_wconf 89' lang='lat' dir='ltr'>crucesignatus</span> <span class='ocrx_word' id='word_1_215' title='bbox 842 3356 904 3423; x_wconf 89' lang='lat' dir='ltr'>est,</span> <span class='ocrx_word' id='word_1_216' title='bbox 919 3345 1059 3410; x_wconf 87' lang='lat' dir='ltr'>voluerit</span> <span class='ocrx_word' id='word_1_217' title='bbox 1082 3346 1162 3410; x_wconf 91' lang='lat' dir='ltr'>illud</span> <span class='ocrx_word' id='word_1_218' title='bbox 1186 3347 1247 3410; x_wconf 91' lang='lat' dir='ltr'>iter</span> <span class='ocrx_word' id='word_1_219' title='bbox 1272 3348 1422 3433; x_wconf 89' lang='lat' dir='ltr'>arripere,</span> 
     </span>
     <span class='ocr_line' id='line_1_28' title="bbox 272 3446 1422 3533; baseline 0.003 -20"><span class='ocrx_word' id='word_1_220' title='bbox 272 3461 351 3514; x_wconf 90' lang='lat' dir='ltr'>tunc</span> <span class='ocrx_word' id='word_1_221' title='bbox 361 3446 523 3512; x_wconf 88' lang='lat' dir='ltr'>Dominus</span> <span class='ocrx_word' id='word_1_222' title='bbox 534 3447 605 3510; x_wconf 87' lang='lat' dir='ltr'>Rex</span> <span class='ocrx_word' id='word_1_223' title='bbox 615 3446 705 3511; x_wconf 89' lang='lat' dir='ltr'>dabit</span> <span class='ocrx_word' id='word_1_224' title='bbox 714 3447 744 3511; x_wconf 93' lang='lat' dir='ltr'>ei</span> <span class='ocrx_word' id='word_1_225' title='bbox 756 3457 829 3512; x_wconf 91' lang='lat' dir='ltr'>octo</span> <span class='ocrx_word' id='word_1_226' title='bbox 839 3448 926 3512; x_wconf 91' lang='lat' dir='ltr'>mille</span> <span class='ocrx_word' id='word_1_227' title='bbox 938 3469 1060 3512; x_wconf 90' lang='lat' dir='ltr'>marcas</span> <span class='ocrx_word' id='word_1_228' title='bbox 1070 3447 1204 3533; x_wconf 84' lang='lat' dir='ltr'>argenti,</span> <span class='ocrx_word' id='word_1_229' title='bbox 1216 3450 1422 3516; x_wconf 87' lang='lat' dir='ltr'>medietatem</span> 
     </span>
     <span class='ocr_line' id='line_1_29' title="bbox 271 3551 1420 3636; baseline 0.001 -18"><span class='ocrx_word' id='word_1_230' title='bbox 271 3553 312 3618; x_wconf 90' lang='lat' dir='ltr'>ad</span> <span class='ocrx_word' id='word_1_231' title='bbox 326 3553 447 3616; x_wconf 82' lang='lat' dir='ltr'>festum</span> <span class='ocrx_word' id='word_1_232' title='bbox 457 3551 616 3616; x_wconf 91' lang='lat' dir='ltr'>Omnium</span> <span class='ocrx_word' id='word_1_233' title='bbox 632 3551 822 3614; x_wconf 88' lang='lat' dir='ltr'>Sanctorum</span> <span class='ocrx_word' id='word_1_234' title='bbox 834 3551 982 3636; x_wconf 82' lang='lat' dir='ltr'>proximo</span> <span class='ocrx_word' id='word_1_235' title='bbox 995 3561 1184 3635; x_wconf 89' lang='lat' dir='ltr'>sequentem</span> <span class='ocrx_word' id='word_1_236' title='bbox 1199 3561 1233 3616; x_wconf 91' lang='lat' dir='ltr'>et</span> <span class='ocrx_word' id='word_1_237' title='bbox 1244 3552 1338 3618; x_wconf 84' lang='lat' dir='ltr'>eliam</span> <span class='ocrx_word' id='word_1_238' title='bbox 1353 3577 1420 3619; x_wconf 90' lang='lat' dir='ltr'>me·</span> 
     </span>
     <span class='ocr_line' id='line_1_30' title="bbox 270 3653 1422 3741; baseline 0.002 -20"><span class='ocrx_word' id='word_1_239' title='bbox 270 3657 423 3721; x_wconf 89' lang='lat' dir='ltr'>dietatem</span> <span class='ocrx_word' id='word_1_240' title='bbox 446 3675 557 3718; x_wconf 92' lang='lat' dir='ltr'>mense</span> <span class='ocrx_word' id='word_1_241' title='bbox 582 3654 704 3718; x_wconf 89' lang='lat' dir='ltr'>Martio</span> <span class='ocrx_word' id='word_1_242' title='bbox 720 3663 894 3738; x_wconf 88' lang='lat' dir='ltr'>sequente;</span> <span class='ocrx_word' id='word_1_243' title='bbox 918 3653 975 3719; x_wconf 89' lang='lat' dir='ltr'>sed</span> <span class='ocrx_word' id='word_1_244' title='bbox 998 3653 1025 3717; x_wconf 88' lang='lat' dir='ltr'>si</span> <span class='ocrx_word' id='word_1_245' title='bbox 1050 3675 1162 3738; x_wconf 87' lang='lat' dir='ltr'>prose</span> <span class='ocrx_word' id='word_1_246' title='bbox 1185 3654 1258 3741; x_wconf 90' lang='lat' dir='ltr'>ipso</span> <span class='ocrx_word' id='word_1_247' title='bbox 1284 3657 1422 3723; x_wconf 88' lang='lat' dir='ltr'>voluerit</span> 
     </span>
     <span class='ocr_line' id='line_1_31' title="bbox 269 3755 1425 3833; baseline 0.002 -11"><span class='ocrx_word' id='word_1_248' title='bbox 269 3759 348 3823; x_wconf 92' lang='lat' dir='ltr'>illud</span> <span class='ocrx_word' id='word_1_249' title='bbox 364 3759 426 3822; x_wconf 91' lang='lat' dir='ltr'>iter</span> <span class='ocrx_word' id='word_1_250' title='bbox 439 3757 554 3833; x_wconf 89' lang='lat' dir='ltr'>faeere,</span> <span class='ocrx_word' id='word_1_251' title='bbox 569 3765 648 3821; x_wconf 92' lang='lat' dir='ltr'>tunc</span> <span class='ocrx_word' id='word_1_252' title='bbox 663 3757 826 3820; x_wconf 89' lang='lat' dir='ltr'>Dominus</span> <span class='ocrx_word' id='word_1_253' title='bbox 839 3757 910 3821; x_wconf 84' lang='lat' dir='ltr'>Rex</span> <span class='ocrx_word' id='word_1_254' title='bbox 924 3755 1015 3820; x_wconf 91' lang='lat' dir='ltr'>dabit</span> <span class='ocrx_word' id='word_1_255' title='bbox 1039 3757 1070 3821; x_wconf 90' lang='lat' dir='ltr'>ei</span> <span class='ocrx_word' id='word_1_256' title='bbox 1086 3757 1151 3822; x_wconf 92' lang='lat' dir='ltr'>duo</span> <span class='ocrx_word' id='word_1_257' title='bbox 1173 3757 1273 3822; x_wconf 86' lang='lat' dir='ltr'>millia</span> <span class='ocrx_word' id='word_1_258' title='bbox 1297 3780 1425 3825; x_wconf 85' lang='lat' dir='ltr'>marces</span> 
     </span>
     <span class='ocr_line' id='line_1_32' title="bbox 269 3858 1419 3945; baseline 0.003 -20"><span class='ocrx_word' id='word_1_259' title='bbox 269 3870 303 3926; x_wconf 93' lang='lat' dir='ltr'>et</span> <span class='ocrx_word' id='word_1_260' title='bbox 325 3881 384 3944; x_wconf 92' lang='lat' dir='ltr'>pro</span> <span class='ocrx_word' id='word_1_261' title='bbox 406 3859 577 3924; x_wconf 86' lang='lat' dir='ltr'>securitate</span> <span class='ocrx_word' id='word_1_262' title='bbox 597 3859 778 3945; x_wconf 90' lang='lat' dir='ltr'>predictum</span> <span class='ocrx_word' id='word_1_263' title='bbox 804 3858 927 3924; x_wconf 89' lang='lat' dir='ltr'>dictum</span> <span class='ocrx_word' id='word_1_264' title='bbox 953 3859 1146 3923; x_wconf 87' lang='lat' dir='ltr'>observandi</span> <span class='ocrx_word' id='word_1_265' title='bbox 1170 3861 1276 3926; x_wconf 91' lang='lat' dir='ltr'>dictus</span> <span class='ocrx_word' id='word_1_266' title='bbox 1300 3861 1419 3928; x_wconf 86' lang='lat' dir='ltr'>Comes</span> 
     </span>
     <span class='ocr_line' id='line_1_33' title="bbox 267 3961 1419 4049; baseline 0.003 -23"><span class='ocrx_word' id='word_1_267' title='bbox 267 3962 371 4026; x_wconf 87' lang='lat' dir='ltr'>tradet</span> <span class='ocrx_word' id='word_1_268' title='bbox 381 3962 414 4025; x_wconf 92' lang='lat' dir='ltr'>in</span> <span class='ocrx_word' id='word_1_269' title='bbox 425 3984 540 4026; x_wconf 91' lang='lat' dir='ltr'>manus</span> <span class='ocrx_word' id='word_1_270' title='bbox 555 3961 692 4026; x_wconf 90' lang='lat' dir='ltr'>Domini</span> <span class='ocrx_word' id='word_1_271' title='bbox 708 3961 804 4047; x_wconf 69' lang='lat' dir='ltr'>Regis</span> <span class='ocrx_word' id='word_1_272' title='bbox 821 3972 961 4027; x_wconf 90' lang='lat' dir='ltr'>castrum</span> <span class='ocrx_word' id='word_1_273' title='bbox 974 3963 1014 4026; x_wconf 92' lang='lat' dir='ltr'>de</span> <span class='ocrx_word' id='word_1_274' title='bbox 1024 3962 1220 4049; x_wconf 80' lang='lat' dir='ltr'>Tunbrigge,</span> <span class='ocrx_word' id='word_1_275' title='bbox 1230 3973 1264 4028; x_wconf 91' lang='lat' dir='ltr'>et</span> <span class='ocrx_word' id='word_1_276' title='bbox 1278 3976 1419 4030; x_wconf 86' lang='lat' dir='ltr'>castrum</span> 
     </span>
     <span class='ocr_line' id='line_1_34' title="bbox 269 4063 1419 4151; baseline 0 -20"><span class='ocrx_word' id='word_1_277' title='bbox 269 4066 310 4131; x_wconf 91' lang='lat' dir='ltr'>de</span> <span class='ocrx_word' id='word_1_278' title='bbox 326 4063 471 4148; x_wconf 87' lang='lat' dir='ltr'>Henlege</span> <span class='ocrx_word' id='word_1_279' title='bbox 495 4063 528 4126; x_wconf 92' lang='lat' dir='ltr'>in</span> <span class='ocrx_word' id='word_1_280' title='bbox 553 4065 702 4128; x_wconf 90' lang='lat' dir='ltr'>marchiis</span> <span class='ocrx_word' id='word_1_281' title='bbox 722 4065 849 4142; x_wconf 88' lang='lat' dir='ltr'>Wallie,</span> <span class='ocrx_word' id='word_1_282' title='bbox 869 4066 915 4129; x_wconf 89' lang='lat' dir='ltr'>ita</span> <span class='ocrx_word' id='word_1_283' title='bbox 936 4065 1112 4150; x_wconf 90' lang='lat' dir='ltr'>quodcum</span> <span class='ocrx_word' id='word_1_284' title='bbox 1135 4066 1317 4130; x_wconf 85' lang='lat' dir='ltr'>constiterit</span> <span class='ocrx_word' id='word_1_285' title='bbox 1338 4068 1419 4151; x_wconf 87' lang='lat' dir='ltr'>Regi</span> 
     </span>
     <span class='ocr_line' id='line_1_35' title="bbox 267 4165 1417 4255; baseline 0.003 -23"><span class='ocrx_word' id='word_1_286' title='bbox 267 4171 377 4255; x_wconf 88' lang='lat' dir='ltr'>ipsum</span> <span class='ocrx_word' id='word_1_287' title='bbox 399 4188 470 4231; x_wconf 89' lang='lat' dir='ltr'>esse</span> <span class='ocrx_word' id='word_1_288' title='bbox 492 4167 526 4229; x_wconf 93' lang='lat' dir='ltr'>in</span> <span class='ocrx_word' id='word_1_289' title='bbox 549 4166 646 4230; x_wconf 84' lang='lat' dir='ltr'>Terra</span> <span class='ocrx_word' id='word_1_290' title='bbox 669 4165 797 4245; x_wconf 85' lang='lat' dir='ltr'>Sancta,</span> <span class='ocrx_word' id='word_1_291' title='bbox 817 4176 895 4231; x_wconf 91' lang='grc' dir='ltr'>ωηο</span> <span class='ocrx_word' id='word_1_292' title='bbox 920 4167 1065 4252; x_wconf 83' lang='lat' dir='ltr'>predicta</span> <span class='ocrx_word' id='word_1_293' title='bbox 1088 4187 1193 4231; x_wconf 86' lang='lat' dir='ltr'>castra</span> <span class='ocrx_word' id='word_1_294' title='bbox 1222 4169 1318 4234; x_wconf 85' lang='lat' dir='ltr'>faciet</span> <span class='ocrx_word' id='word_1_295' title='bbox 1347 4171 1417 4236; x_wconf 85' lang='lat' dir='ltr'>Rex</span> 
     </span>
    </p>
   </div>
   <div class='ocr_carea' id='block_1_4' title="bbox 0 0 1970 5088">
    <p class='ocr_par' dir='ltr' id='par_1_5' title="bbox 0 0 1970 5088">
     <span class='ocr_line' id='line_1_36' title="bbox 0 0 1970 5088; baseline 0 10"><span class='ocrx_word' id='word_1_296' title='bbox 0 0 1970 5088; x_wconf 95' lang='lat' dir='ltr'> </span> 
     </span>
    </p>
   </div>
  </div>
 </body>
</html>
