3850 5020
815 639 992 684 raasson.
1472 619 1505 682 ri

302 792 432 850 maritata
447 791 590 850 Willalmo
605 791 732 868 Aguilun
746 811 796 868 per
808 791 952 849 dominnm
975 792 1085 868 Regem
1108 789 1277 859 Jobannem,
1298 798 1327 846 et
1340 791 1415 847 valet
1428 798 1504 848 terra

303 907 354 946 sua
366 889 395 946 in
412 889 567 968 Scrouteby
581 888 668 946 viitil’
710 889 772 947 The
785 889 895 967 change
908 890 939 946 in
951 889 1000 947 the
1014 907 1096 947 name
1110 887 1144 946 of
1165 887 1260 964 Ralph
1272 879 1314 945 Ie
1329 888 1503 947 Parmentier

302 985 377 1044 l'rom
392 986 599 1045 Parmentarius
613 993 642 1042 to
657 985 822 1062 Pelliparius
843 987 872 1044 in
892 979 951 1044 this
964 994 1049 1062 entry
1062 985 1199 1043 identifies
1223 984 1272 1042 the
1293 983 1372 1041 trade
1394 983 1428 1038 of
1446 981 1503 1039 this

303 1083 402 1140 citizen
416 1082 449 1140 of
459 1081 578 1140 London
593 1091 623 1140 to
636 1083 671 1140 be
684 1081 747 1140 that
760 1082 794 1140 of
803 1103 822 1140 a
835 1082 980 1140 merchant
1000 1081 1092 1151 tailor,
1115 1083 1144 1138 in
1169 1080 1322 1159 supplying
1341 1079 1449 1138 clothes
1470 1098 1503 1137 cr

301 1178 363 1236 fnrs
376 1179 422 1236 for
435 1178 484 1236 the
498 1178 601 1255 King’s
615 1178 745 1255 wearing,
761 1178 818 1236 and
830 1177 879 1236 the
897 1178 1041 1255 following
1064 1178 1163 1236 Letter
1185 1177 1271 1237 Close
1295 1175 1399 1233 affords
1421 1175 1506 1252 proof

304 1275 338 1333 cl
348 1275 392 1332 his
405 1275 491 1351 being
505 1295 536 1333 so
550 1275 706 1354 employed.

305 1367 307 1376 ’
344 1371 435 1430 “Rex
450 1371 616 1440 Beronibus,
630 1381 684 1430 etc.
725 1371 893 1449 computate
908 1371 1067 1449 Reginaldo
1081 1371 1116 1429 de
1139 1370 1294 1431 Combulle
1314 1389 1366 1446 pro
1379 1369 1502 1447 quinque

303 1469 412 1546 ρειιιιΙίι
425 1468 460 1526 de
471 1468 555 1526 bissis
568 1466 692 1526 liberatis
708 1467 833 1526 Radulfo
848 1469 1041 1527 Parmentario
1053 1468 1083 1526 in
1096 1468 1170 1525 l'esto
1186 1467 1283 1526 Sancti
1293 1465 1453 1525 Eadmundi
1466 1464 1503 1521 ed

303 1681 361 1730 ces,
382 1662 487 1720 scilicet
510 1662 629 1738 pretium
651 1657 804 1738 cujuslibet
824 1661 889 1718 iiii⁰¹
901 1661 1066 1739 pcnnlorum
1088 1662 1124 1719 de
1137 1680 1156 1718 x
1168 1661 1250 1718 fessis
1275 1679 1312 1717 xx
1338 1658 1451 1724 solidos,
1472 1665 1502 1714 ct

302 1759 426 1834 precium
445 1758 521 1814 illius
542 1757 576 1815 de
589 1758 617 1814 xi
630 1757 711 1814 fessis
724 1759 743 1835 ij
759 1777 878 1816 moes.
919 1759 977 1817 Pro
999 1758 1151 1835 sarpelario
1175 1758 1212 1816 ad
1232 1777 1280 1816 cos
1302 1753 1502 1833 imponendum

303 1855 332 1911 vi
346 1852 484 1911 denarios.
525 1853 583 1911 Pro
597 1853 718 1929 cariagio
731 1853 768 1910 xii
784 1853 922 1911 denarios.
962 1855 1020 1912 Pro
1039 1855 1131 1912 tribus
1152 1854 1333 1932 coopertoriis
1354 1854 1389 1910 de
1411 1852 1502 1929 grissa

301 1948 425 2008 liberatis
439 1949 528 2007 eidem
554 1948 679 2008 Radulfo
699 1969 749 2026 per
762 1949 938 2008 Willelmum
957 1950 992 2008 de
1014 1950 1111 2010 lnsnla
1134 1951 1197 2008 iiiiw
1210 1951 1305 2009 libras.
1347 1950 1406 2009 Pro
1419 1966 1501 2006 eane·

297 2043 383 2104 'racio
405 2046 442 2103 ad
463 2046 660 2123 imponendum
685 2046 713 2104 vi
738 2047 875 2106 densum.
936 2047 993 2106 Pro
1014 2049 1123 2106 duabus
1147 2049 1327 2126 coopertoriis
1352 2046 1387 2104 de
1408 2039 1500 2122 griseo

301 2143 426 2202 liberatis
439 2143 529 2201 cidem
545 2143 670 2201 Rcdulfo
683 2145 715 2201 in
727 2145 824 2220 vigilis
846 2143 941 2204 Sancti
956 2145 1073 2204 Andros
1094 2165 1145 2222 per
1157 2145 1334 2205 Willelmnm
1357 2143 1501 2202 hominem

302 2338 405 2415 penula
418 2337 452 2395 de
466 2337 602 2395 cuniculis
620 2338 649 2394 ix
665 2337 769 2396 solidos
784 2357 833 2416 per
846 2338 975 2397 cundem.
1016 2340 1075 2398 Pro
1097 2349 1218 2418 quatuor
1241 2340 1315 2397 ulnis
1336 2347 1365 2397 et
1385 2337 1502 2395 dimidie

301 2434 337 2493 de
349 2431 480 2493 burnetta
493 2453 554 2493 xva.
567 2434 625 2492 ixd.
638 2443 667 2492 et
680 2434 802 2505 obolum,
818 2435 924 2494 scilicet
937 2435 1005 2495 ulna
1017 2437 1097 2515 xliy'd.
1110 2457 1160 2515 per
1173 2437 1301 2495 eundem.
1343 2436 1399 2494 Pro
1419 2452 1501 2492 cane·

302 2530 388 2589 veciis
401 2539 430 2588 et
444 2531 612 2607 serpelluriis
626 2532 664 2590 ad
676 2527 875 2609 imponendum
888 2533 933 2610 ijs.
973 2534 1032 2592 Pro
1052 2534 1161 2593 duabus
1182 2535 1257 2592 ulnis
1276 2534 1311 2592 de
1324 2534 1450 2610 griseing
1463 2532 1501 2590 ad

299 2628 480 2705 jbarrudum
501 2627 660 2686 faciendum
681 2629 748 2686 xxd.
769 2629 875 2688 scilicet
894 2631 962 2689 ulna
981 2633 1029 2691 τά.
1070 2633 1129 2693 Pro
1150 2632 1241 2692 cordis
1254 2633 1305 2708 ijd.
1329 2641 1358 2689 et
1378 2630 1501 2690 obolum.

301 2725 359 2784 Pro
373 2727 509 2801 carriagic
521 2725 567 2801 ijr.
609 2725 690 2803 Proj
705 2728 879 2804 coopertorio
893 2727 928 2786 de
945 2729 1022 2804 griso
1035 2729 1153 2788 liberato
1168 2729 1294 2788 Radulfo
1310 2727 1501 2787 Permentario

301 2821 377 2900 apud
400 2820 558 2880 Lemebetb
571 2821 623 2880 xla.
666 2821 725 2879 Pro
736 2841 794 2880 uno
817 2824 933 2900 pelliceo
948 2824 983 2882 de
996 2827 1075 2901 griso
1096 2826 1134 2884 ad
1149 2845 1219 2903 opus
1232 2833 1362 2883 nostrum
1382 2824 1501 2883 liberato

301 2919 392 2976 eidem
406 2916 531 2976 Radnll'o
549 2936 599 2993 per
620 2935 735 2976 manum
747 2917 885 2976 Willelmi
910 2919 1033 2978 Cissoris
1055 2921 1130 2997 apud
1151 2919 1309 2978 Lemeheth
1334 2920 1378 2976 die
1404 2919 1500 2978 Sancti

301 3015 443 3074 vincentii
455 3013 513 3092 xiiij
529 3013 642 3072 solidos.
684 3014 874 3074 Pr0furn1ris
895 3016 931 3074 de
954 3016 1036 3094 agnis
1050 3019 1103 3078 vis.
1143 3015 1263 3097 T(cste)
1285 3015 1450 3096 G(alfrido)
1465 3017 1500 3075 de

302 3113 418 3171 Novilla
432 3111 592 3171 Camerurm
606 3111 682 3188 apud
695 3111 906 3189 Merlebergam
925 3113 954 3190 iij
976 3114 1022 3172 die
1046 3113 1191 3174 Februarii
1211 3133 1285 3172 anno
1306 3114 1385 3191 regni
1409 3115 1499 3172 nostri

299 3227 385 3267 nono.
409 3209 443 3284 (3
457 3208 526 3267 Feb.
542 3204 637 3286 1208)
653 3208 709 3266 Per
723 3208 879 3267 Ricardum
892 3209 928 3267 de
943 3207 1096 3268 Mariseo.”

342 3303 405 3362 The
418 3312 559 3382 entur-up
573 3303 607 3362 of
623 3303 671 3362 the
684 3305 800 3375 clothes,
824 3307 873 3364 tba
894 3304 1001 3374 Cissor,
1026 3306 1245 3385 corresponding
1257 3307 1325 3365 nith
1348 3307 1398 3366 the
1417 3309 1500 3369 tailor

300 3401 330 3458 in
343 3401 380 3458 its
394 3400 526 3478 ordinary
539 3402 721 3477 acceptation,
741 3402 766 3459 is
780 3402 921 3481 evidently
935 3411 986 3461 not
1004 3403 1137 3464 identical
1151 3403 1219 3463 with
1237 3404 1286 3462 the
1307 3412 1380 3462 term
1400 3413 1418 3442 “
1429 3406 1499 3465 Par·

300 3495 469 3555 mentariua”
484 3515 517 3554 or
536 3504 555 3534 ‘⁴
566 3496 758 3574 Pelliparins,”
771 3497 828 3556 and
841 3499 892 3556 Du
906 3499 1004 3576 Cunge
1017 3519 1078 3558 erra
1091 3501 1121 3558 in
1142 3501 1188 3558 his
1209 3501 1387 3577 explanation
1401 3502 1434 3560 of
1451 3503 1499 3562 the

300 3594 387 3662 word,
408 3601 426 3630 ‘⁶
438 3592 538 3662 Gallis,
562 3593 629 3650 olim
644 3593 844 3664 Paramentier,
858 3596 906 3673 qui
919 3595 1002 3654 hodie
1016 3597 1143 3655 Tailleur
1155 3597 1302 3658 d'hnbits.’'
1344 3597 1407 3656 The
1420 3599 1501 3657 cher·

299 3701 344 3750 ter
357 3692 391 3748 of
403 3690 559 3767 llannulph
574 3689 644 3750 Earl
657 3691 691 3748 of
711 3690 830 3751 Chester
842 3695 976 3771 granting
987 3702 1019 3752 to
1031 3693 1080 3752 the
1102 3694 1201 3753 monks
1225 3693 1259 3752 of
1281 3695 1322 3754 st.
1335 3695 1499 3772 Werburgh

301 3795 332 3847 et
347 3786 465 3847 chester
478 3805 496 3844 a
508 3786 564 3846 laia·
576 3786 673 3844 before
692 3785 741 3844 the
760 3796 825 3864 gete
846 3789 880 3846 of
896 3789 946 3848 the
968 3800 1141 3869 monastery,
1163 3791 1236 3849 cited
1253 3791 1292 3871 by
1305 3792 1361 3850 this
1375 3793 1500 3850 eminent

299 3882 526 3960 glossograpber,
550 3883 698 3962 obviously
711 3883 806 3960 places
827 3883 876 3943 the
897 3887 1153 3946 “Parmentarius”
1177 3907 1214 3946 on
1237 3906 1255 3945 a
1277 3887 1349 3946 level
1362 3889 1429 3948 with
1450 3889 1499 3947 the

300 3979 455 4038 merchant-
496 3979 703 4057 “Quapropter
716 3978 851 4057 prohibeo
865 4001 948 4059 super
968 4003 1092 4042 amorem
1114 4003 1208 4042 meum
1232 3993 1265 4042 ut
1287 4005 1339 4043 nee
1351 3995 1498 4054 mercator,

300 4096 353 4136 nee
374 4077 494 4146 institor,
515 4095 568 4134 nec
588 4078 801 4152 permentarius,
814 4097 866 4136 nec
890 4081 1074 4149 corrosorius,
1098 4100 1150 4138 nec
1171 4079 1245 4140 ullus
1258 4082 1387 4140 minister
1400 4080 1498 4138 volens

299 4171 419 4231 vendere
432 4173 478 4231 rel
491 4192 592 4242 emere,
610 4192 667 4233 non
680 4174 784 4233 vendat
803 4195 854 4234 nec
877 4185 951 4235 emat
974 4177 1079 4254 aliquid
1104 4179 1205 4236 alicubi
1228 4179 1282 4236 nisi
1304 4179 1343 4236 ibi
1368 4179 1500 4256 quamdiu
