3886 5010
729 571 927 616 Arruntem.

693 773 781 820 Litters
792 773 899 835 ejusdem
911 771 990 834 Regis.

297 896 442 963 H(enricus)
458 900 503 946 Dei
519 901 602 961 gratis,
622 899 675 946 Rex
691 899 787 960 Angiie,
805 900 922 946 Dominus
940 887 1064 956 Hibernie',
1082 899 1140 945 Dux
1157 899 1305 946 Normannis
1322 905 1346 946 et
1363 900 1411 947 Ac-

264 982 396 1040 quitsnnie,
408 982 493 1027 Comes
504 982 650 1043 Andegavie,
662 982 756 1028 dilectis
766 989 790 1028 et
806 982 917 1028 fidelibus
931 983 987 1039 suis,
1000 981 1100 1042 Hugoni
1110 981 1141 1027 de
1156 981 1410 1039 Pateshelle,'1'hesan-

264 1063 326 1108 rario
346 1078 398 1120 sno,
415 1063 527 1123 Philippo
548 1063 578 1109 dc
601 1063 698 1108 Assellis
721 1069 745 1109 et
764 1063 833 1108 sociis
849 1065 898 1108 suis
914 1062 1058 1109 Justiciariis
1074 1062 1106 1107 ad
1125 1063 1257 1109 custodium
1274 1062 1410 1109 Judeorum

263 1143 395 1204 assignetis,
409 1144 479 1190 Petro
496 1143 637 1190 Grimbsldo
654 1149 678 1190 et
695 1143 781 1188 Maiori
792 1143 980 1199 londoniarum,
991 1144 1099 1189 salutem
1132 1142 1217 1189 Sciatis
1232 1144 1298 1202 qnod
1314 1144 1345 1189 ad
1362 1157 1410 1190 me-

264 1224 410 1272 liorationem
423 1227 491 1287 regni
502 1227 575 1272 nostri
587 1231 610 1271 et
622 1225 736 1272 maiitiam
753 1229 777 1269 et
793 1224 917 1269 tahimtem
934 1224 950 1270 J
953 1225 1069 1270 udoorum
1085 1225 1260 1284 reprimendam
1272 1226 1297 1270 in
1309 1225 1411 1270 erastino

264 1305 346 1354 Sencti
364 1307 502 1352 Eadmnndi
518 1319 582 1351 anno
599 1305 666 1364 regni
683 1305 764 1350 nostri·
774 1304 853 1363 xxiiij.
871 1305 990 1363 provisum
1007 1304 1053 1350 iuit
1069 1305 1100 1350 de
1115 1305 1213 1351 consilio
1230 1309 1309 1350 nostro
1330 1317 1410 1350 coram

264 1389 340 1444 nobis,
352 1385 499 1449 S(tephano)
512 1386 542 1430 de
553 1385 665 1445 flagrare,
678 1385 750 1430 tratre
762 1381 896 1447 G(slirido)
908 1385 1079 1431 Elemosinerio
1095 1391 1182 1442 nostro,
1199 1382 1363 1445 B(ertramno)
1380 1385 1411 1430 ds

262 1467 367 1522 Crioilio,
378 1465 505 1511 senescallo
515 1470 603 1521 nostro,
613 1464 727 1525 Magistro
736 1463 856 1526 S(imone)
870 1466 900 1512 de
909 1465 1046 1524 Fateyhnd‚
1057 1460 1191 1524 G(alirido)
1209 1463 1232 1508 ie
1240 1463 1376 1522 Dispenser,
1387 1469 1411 1510 et

262 1549 316 1593 aliis
331 1547 443 1593 fidelibus
461 1548 547 1592 nostris
562 1553 622 1592 tunc
638 1546 787 1606 presentibus
803 1547 868 1607 apud
885 1546 1044 1605 wintoniam,
1059 1547 1124 1606 qnod
1140 1545 1250 1591 custodes
1266 1545 1410 1592 Archiarum

264 1630 443 1676 Londoniarum
454 1635 478 1675 et
488 1629 569 1674 clerici
579 1629 704 1687 scriptores
714 1635 877 1686 amoveantur,
888 1636 912 1676 et
923 1630 988 1689 quod
999 1643 1042 1689 per
1059 1630 1135 1674 visum
1150 1632 1254 1674 vestrum
1271 1633 1295 1673 et
1311 1626 1409 1673 Conste-

263 1712 349 1757 bulnrii
361 1711 443 1757 Turris
454 1711 641 1766 Isondonisrnm‚
653 1715 677 1756 et
693 1710 796 1755 duorum
813 1711 942 1769 proborum
958 1717 983 1756 et
999 1710 1111 1770 legalium
1129 1709 1254 1755 hominum
1272 1708 1411 1754 decivitate

265 1795 451 1852 Londoninrum,
463 1808 523 1853 qnos
539 1793 659 1839 vobiscum
675 1792 706 1837 ad
723 1791 768 1837 hoc
784 1793 942 1845 assumeretis,
955 1793 1075 1852 eligantur
1091 1792 1140 1837 dno
1155 1791 1197 1837 alii
1214 1791 1244 1836 de
1260 1789 1376 1850 legalibus
1387 1797 1411 1836 et

265 1875 443 1922 discretioribus
454 1875 594 1921 Christianis
605 1879 629 1919 et
639 1873 688 1919 duo
698 1873 739 1918 alii
756 1873 786 1918 de
802 1873 919 1932 legalibus
929 1872 1016 1920 Judeis
1033 1873 1220 1930 londoniarum,
1232 1873 1320 1931 quibus
1331 1871 1412 1917 Archa

263 1958 426 2004 committatur
444 1955 608 2011 custodienda,
628 1968 731 2013 quorum
753 1955 918 2013 unusquisque
933 1969 1002 2000 susm
1018 1955 1104 2000 habeat
1123 1955 1222 2002 clavem.
1267 1954 1314 2000 Per
1335 1954 1411 1998 visum

264 2039 335 2085 ctiam
357 2045 460 2085 vestmm
477 2040 596 2099 eligantur
615 2038 664 2082 duo
683 2037 763 2083 clerici
779 2037 868 2094 fideles,
885 2038 935 2096 qui,
949 2038 1024 2097 Jurati
1041 2037 1106 2096 quod
1122 2019 1224 2082 fideliter
1241 2051 1265 2082 se
1284 2041 1368 2096 gerent
1385 2035 1411 2080 in

262 2121 339 2165 officio
350 2120 400 2175 illo,
413 2120 444 2166 de
454 2128 532 2166 cetero
543 2119 669 2166 intendant
684 2120 715 2164 ad
732 2118 870 2164 omnimoda
885 2120 973 2179 scripte
988 2120 1051 2165 inter
1062 2119 1208 2165 Christianos
1218 2125 1242 2164 et
1252 2117 1268 2166 J
1271 2119 1344 2164 udecs
1355 2131 1411 2164 eon·

263 2200 374 2256 flcicnda,
395 2201 445 2258 qni,
463 2200 488 2244 in
500 2200 622 2259 presencia
640 2199 768 2244 Christiani
787 2205 872 2245 mutuo
888 2201 1015 2258 pecuniam
1034 2200 1168 2259 recipientis
1185 2205 1210 2245 et
1230 2199 1304 2244 Judei
1326 2205 1412 2244 mutuo

263 2281 389 2341 pecuniam
412 2280 500 2337 dantis,
521 2280 585 2326 inter
601 2295 661 2339 quos
681 2281 797 2340 scriptum
814 2281 947 2338 conficitur,
964 2281 1060 2327 tradent
1082 2287 1173 2341 partem
1191 2280 1256 2326 illem
1272 2281 1363 2340 scripti,
1379 2281 1409 2326 ad

264 2375 345 2421 quam,
355 2360 453 2418 scilicet,
465 2375 520 2406 cera
535 2361 663 2422 dependat,
676 2361 789 2420 predictis
804 2363 991 2422 cyrographsriis
1007 2363 1033 2408 in
1049 2363 1146 2408 archam
1162 2363 1331 2422 imponendam
1349 2361 1411 2408 inire

263 2443 385 2489 decimum
402 2443 465 2490 diem
482 2457 530 2502 quo
546 2444 661 2504 scriptum
677 2443 738 2490 iliud
756 2443 828 2490 neris
843 2443 979 2490 coniectum
995 2445 1026 2490 sd
1044 2445 1142 2492 tardius.
1188 2444 1249 2491 Item
1265 2445 1342 2504 prima
1358 2458 1412 2503 perr

263 2524 327 2570 illins
338 2525 419 2584 scripti
430 2531 551 2570 remaneat
568 2539 640 2585 penes
651 2525 813 2571 Christianum
831 2525 908 2583 illum,
919 2527 961 2586 qui
978 2527 1088 2572 debitum
1105 2525 1166 2571 iilud
1182 2530 1267 2571 mutuo
1284 2523 1413 2583 eoceperit;

263 2610 287 2650 et
298 2605 404 2650 secunda
414 2619 476 2664 pars,
487 2619 535 2664 qne
549 2619 590 2664 pes
602 2613 698 2653 vocatur
713 2608 856 2667 cirographi,
867 2614 891 2654 et
906 2623 953 2666 que
968 2608 1059 2654 solebat
1071 2607 1096 2651 in
1108 2606 1181 2651 ercha
1193 2605 1276 2665 reponi
1292 2609 1413 2650 remaneat

264 2699 336 2745 penes
352 2685 469 2741 Judenm,
487 2698 502 2728 a
518 2699 566 2743 quo
578 2686 686 2732 debitum
700 2687 761 2731 illud
778 2687 850 2732 inerit
866 2693 1010 2733 mutuatum.
1045 2686 1083 2732 Ita
1099 2687 1163 2744 quod
1180 2685 1250 2731 liceat
1264 2687 1287 2730 ei
1303 2684 1411 2730 debiturn

264 2779 334 2810 sunm
346 2779 389 2823 per
398 2765 484 2823 pedem
496 2764 565 2808 illum
576 2771 657 2823 petere
668 2771 692 2810 et
702 2765 848 2824 implacitare
859 2767 925 2811 omni
942 2767 1025 2812 eodem
1042 2766 1113 2810 modo
1129 2779 1178 2824 quo
1193 2765 1283 2810 solebat
1300 2779 1342 2822 per
1358 2779 1411 2822 per-

265 2852 312 2892 tem
325 2845 390 2890 illam
400 2843 432 2889 sd
445 2857 517 2903 quam
529 2858 584 2890 cera
594 2845 641 2890 ruis
651 2858 755 2904 appensa
766 2863 773 2901 ς
789 2851 813 2892 et
823 2860 878 2905 pars
893 2847 944 2901 ills,
955 2848 986 2891 ad
1004 2860 1076 2905 quam
1092 2860 1147 2891 cera
1163 2845 1290 2904 dependet,
1304 2845 1328 2889 in
1339 2845 1412 2892 archa

264 2931 401 2986 reponetur,
414 2931 442 2971 ut
452 2925 587 2985 predictum
598 2931 641 2972 est.
677 2926 709 2972 Et
719 2926 739 2972 ri
752 2926 806 2984 quis
817 2926 966 2972 Christianus
977 2927 1007 2972 de
1018 2927 1131 2985 predictis
1142 2925 1322 2986 cirographeriis
1333 2925 1369 2970 vel
1381 2927 1412 2972 de

264 3007 377 3068 predictis
396 3007 488 3053 clericis
504 3005 569 3052 illam
590 3013 682 3066 partem
701 3008 835 3067 cirographi
854 3009 885 3052 ad
905 3021 977 3067 quem
997 3023 1051 3054 cers
1067 3008 1195 3067 dependet,
1212 3006 1276 3053 ultra
1292 3007 1411 3054 decimum

265 3089 336 3145 diem,
348 3103 397 3148 quo
407 3089 542 3134 coniectum
554 3088 633 3144 inerit,
645 3095 713 3134 extro
723 3088 828 3134 Archam
840 3089 946 3135 detinere
962 3090 1138 3149 presumpserit,
1154 3089 1184 3134 sit
1200 3089 1225 3133 in
1241 3088 1308 3148 gravi
1322 3089 1411 3134 miseri·

265 3172 347 3217 cordia
354 3177 443 3218 nostra.
462 3170 488 3216 si
496 3177 576 3216 entem
584 3169 600 3218 J
603 3171 679 3216 udens
690 3171 723 3216 sie
735 3170 800 3216 illam
811 3170 943 3217 detinuerit
953 3176 977 3216 et
987 3185 1059 3230 super
1069 3171 1115 3218 hoc
1125 3170 1288 3227 convineatur,
1299 3169 1411 3216 catallum

264 3267 335 3298 suum
347 3254 414 3298 nobis
425 3254 569 3299 incurratur.
603 3251 664 3298 Item
675 3252 781 3313 sigillum
796 3253 934 3310 Christiani,
947 3253 989 3312 qui
1000 3253 1108 3299 debitum
1120 3253 1180 3298 illud
1192 3257 1277 3299 mutuo
1287 3253 1412 3312 acceperit,

265 3346 309 3377 con
325 3328 328 3394 Ι
343 3331 418 3378 tinest
429 3347 515 3378 nomen
527 3333 650 3392 proprium
661 3333 735 3392 ipsius
752 3333 890 3390 mutuantis,
902 3337 926 3379 et
936 3347 965 3378 so
975 3333 1102 3393 eingnetur
1113 3333 1155 3380 illa
1162 3347 1225 3393 pars,
1235 3346 1284 3392 qne
1298 3332 1324 3377 in
1339 3333 1412 3378 archa
1418 3333 1456 3393 so.
1468 3331 1515 3379 156
1528 3340 1558 3380 tt‘.

265 3413 337 3459 debet
347 3414 439 3473 reponi.
473 3413 535 3458 Item
546 3414 623 3459 omnis
634 3412 736 3472 Judsns,
751 3415 898 3474 ubicumque
908 3414 981 3461 fuerit
991 3429 1091 3462 manens
1101 3416 1139 3462 die
1151 3415 1233 3462 Sancti
1245 3413 1368 3459 Miehselis
1378 3414 1412 3460 ibi

265 3498 360 3540 nuncet
374 3507 430 3539 cum
444 3497 493 3539 tcta
510 3493 600 3538 familia
617 3508 660 3540 sua
670 3509 714 3554 per
727 3500 805 3542 totum
815 3509 907 3541 annum
918 3497 1036 3556 integrum
1048 3497 1163 3543 continno
1173 3501 1321 3556 sequentem,
1332 3509 1377 3542 nec
1387 3511 1413 3542 se

264 3581 371 3624 emoveat
382 3575 419 3622 vei
431 3575 487 3621 inde
497 3574 621 3621 transistet
630 3575 681 3622 sine
692 3577 788 3636 speeiin
799 3583 910 3638 precepto
922 3583 1010 3625 nostro.
1045 3579 1077 3625 Et
1086 3579 1194 3625 volumus
1205 3579 1270 3642 qnod
1281 3593 1353 3626 neure
1364 3593 1413 3625 non

265 3665 363 3706 currant
373 3672 444 3719 super
455 3657 573 3704 debitores
583 3657 638 3704 adis
648 3657 731 3704 Sancti
742 3656 861 3705 Johannis
873 3659 986 3719 Baptiste,
1003 3673 1067 3706 anno
1078 3661 1147 3722 regni
1158 3662 1233 3708 nostri
1245 3662 1327 3722 xx⁰iij⁰
1338 3676 1413 3724 usquc

266 3741 298 3787 cd
317 3740 380 3785 diem
392 3739 485 3786 Natalis
495 3738 593 3786 Domini
604 3753 667 3785 anno
675 3739 760 3799 rengni
772 3740 845 3784 nostri
857 3741 946 3802 xxiiijv.
981 3741 1013 3788 Et
1024 3742 1171 3802 prohibimns
1183 3756 1213 3788 ne
1223 3743 1310 3804 aliquis
1320 3742 1336 3788 J
1338 3743 1414 3789 udoua

266 3820 335 3866 aliter
345 3822 471 3879 pecuniam
486 3835 554 3867 suem
570 3828 655 3867 mutuo
673 3822 721 3878 det,
737 3835 809 3882 quam
828 3835 871 3881 per
886 3823 982 3868 amisum
997 3825 1155 3870 communiter
1172 3823 1257 3871 Jndeis
1272 3837 1287 3868 a
1305 3823 1373 3869 nobis
1390 3829 1414 3870 et

266 3901 451 3947 antecessoribus
463 3904 547 3949 nostris
558 3917 695 3950 concessum
710 3908 745 3949 est
756 3919 763 3959 ;
778 3903 875 3960 scilieet,
894 3917 924 3950 ne
942 3904 995 3966 quis
1006 3905 1069 3951 ultra
1080 3911 1166 3952 sortem
1177 3905 1207 3950 de
1217 3903 1278 3949 libra
1289 3918 1331 3963 per
1342 3905 1413 3951 ebdo-

266 3979 361 4024 madam
378 3979 505 4041 piusquam
521 3982 581 4028 duos
600 3985 708 4030 demrios
725 3998 809 4044 cepere
828 3993 956 4044 presumat.
992 3986 1023 4031 Et
1042 3987 1096 4031 ideo
1110 3985 1176 4031 vobis
1190 3984 1331 4030 mundamus
1348 3986 1412 4047 quod

267 4061 419 4121 prescriptam
436 4062 593 4121 provisionem
604 4064 729 4111 inrotuleri
740 4072 764 4112 et
774 4067 875 4113 fimiter
885 4068 1002 4114 observari
1013 4067 1112 4114 iacietis.
1136 4067 1259 4113 Presentes
1271 4080 1324 4112 vero
1335 4066 1413 4112 littere

266 4148 405 4190 remaneant
420 4143 446 4188 in
464 4141 546 4190 Arche
562 4143 755 4205 cirographorum
775 4147 960 4205 londoniarum,
977 4149 1003 4194 in
1018 4149 1126 4196 custodia
1137 4149 1298 4208 predictorum
1310 4148 1411 4208 cirogra-
