3898 5022
848 571 1025 614 essenon.
1408 546 1533 614 ccxxvii

333 739 447 797 corpore
461 740 520 780 suo.
561 721 602 779 Et
625 723 741 780 ulterius
760 724 902 798 juratores
925 723 1043 800 predicti
1063 723 1160 780 dicunt
1183 722 1258 799 quod
1280 720 1422 797 predictus
1446 721 1534 779 Fran-

332 818 422 874 ciscus
436 816 546 884 Lovell,
562 819 586 874 si
599 824 722 892 tempore
735 819 833 876 mortis
847 817 914 875 dicti
927 818 1097 876 vicecomitis
1107 818 1208 875 fuisset
1225 818 1254 874 in
1268 817 1350 893 plena
1364 818 1421 874 vita
1435 825 1463 874 et
1477 835 1533 873 non

332 914 465 972 attinctus
490 914 524 972 de
547 914 605 972 alta
627 915 787 991 prodicione
808 935 857 972 seu
874 914 988 984 felonia,
1006 923 1081 973 esset
1101 915 1244 991 proximus
1268 913 1351 970 heres
1372 913 1438 970 dicti
1460 915 1521 970 vice

333 1011 452 1078 comitis,
474 1010 610 1079 videlicet,
635 1011 709 1069 filius
730 1011 862 1071 Johanne
886 1013 989 1070 sororis
1011 1013 1078 1070 dicti
1095 1011 1228 1070 Willelmi
1242 1011 1423 1068 vicecomitis
1436 1019 1465 1067 et
1478 1010 1534 1067 filio

333 1105 471 1166 Johennis
491 1126 580 1183 nuper
595 1107 773 1166 Vicecomitis
794 1108 960 1179 Beaumont,
984 1109 1071 1185 patris
1092 1108 1280 1184 predictorum
1294 1107 1431 1166 Willelmi
1452 1105 1534 1164 Vice-

332 1206 441 1262 comitis
454 1213 483 1262 et
497 1204 636 1274 iohanne,
659 1214 687 1262 et
708 1205 784 1282 quod
802 1206 958 1282 predictum
976 1208 1131 1265 manerium
1153 1215 1183 1264 et
1206 1215 1300 1264 cetera
1321 1205 1457 1282 premissa
1470 1223 1535 1261 cum

332 1304 389 1360 suis
413 1304 586 1380 pertinentiis
611 1304 719 1380 prefato
740 1304 889 1362 Francisco
908 1303 1074 1362 descendere
1094 1305 1263 1372 debuissent,
1273 1312 1306 1361 ut
1329 1303 1535 1378 consanguineo

333 1400 470 1458 etheredi
484 1401 608 1477 ejusden
618 1402 788 1459 vicecomitis
802 1402 831 1459 in
844 1401 936 1459 forma
949 1401 1090 1478 predicta3
1104 1411 1233 1478 pretextu
1246 1419 1366 1479 quorum
1380 1400 1535 1457 manerium

333 1497 487 1572 predictum
501 1519 533 1556 ac
548 1507 639 1558 cetera
660 1501 795 1576 premissa
819 1500 847 1556 in
863 1518 949 1557 manu
967 1499 1084 1576 predicti
1105 1519 1194 1576 nuper
1216 1498 1303 1575 Regis
1323 1498 1494 1556 devenerunt
1507 1505 1536 1555 et

333 1594 462 1653 devenire
483 1596 641 1654 debuenmt
659 1597 737 1654 etin
755 1596 885 1653 manibus
907 1596 1011 1655 domini
1034 1597 1121 1673 Regis
1145 1616 1220 1654 nunc
1242 1597 1364 1654 existant
1377 1602 1406 1652 et
1418 1595 1536 1652 existere

333 1692 444 1750 debent.
485 1693 524 1752 Et
551 1693 647 1750 dicunt
670 1693 746 1769 quod
769 1693 908 1769 predictus
933 1694 1093 1751 willelmus
1118 1693 1282 1752 Vicecomes
1309 1692 1378 1750 obiit
1401 1692 1465 1748 xix⁰
1491 1690 1535 1749 die

335 1788 501 1848 Decembris
512 1809 586 1847 anno
600 1789 667 1848 dicti
680 1809 770 1866 nuper
781 1790 870 1866 Regis
884 1789 975 1860 xxiii⁰,
985 1799 1013 1848 et
1026 1791 1103 1867 quod
1117 1790 1238 1848 Brianus
1254 1789 1402 1867 Stapylton
1414 1787 1495 1846 miles
1503 1791 1537 1844 'et

334 1886 479 1944 Johannes
508 1885 615 1944 Norres
642 1887 763 1962 armiger
790 1895 855 1944 sunt
882 1887 949 1945 dicti
974 1888 1152 1946 Vicecomitis
1175 1887 1293 1945 heredes
1315 1885 1535 1963 propinquiores,

335 1984 472 2054 videlicet,
486 1983 626 2060 predictus
641 1983 760 2042 Brianus
773 1983 847 2041 filius
861 1983 1001 2052 iohanne,
1015 1985 1072 2042 filie
1094 1985 1166 2042 dicte
1187 1983 1327 2050 Johanne,
1348 1982 1451 2040 sororis
1470 1981 1536 2039 dicti

336 2081 524 2149 vicecomitis,
545 2089 574 2138 et
587 2080 726 2157 predictus
740 2079 886 2138 Johennes
902 2080 1008 2138 Norres
1028 2080 1103 2137 filius
1119 2079 1291 2146 Fridiswide‚
1313 2079 1365 2136 alie
1384 2077 1439 2134 filie
1463 2076 1536 2133 dicte

336 2178 476 2248 Johsnne,
496 2179 598 2236 sororis
612 2177 678 2236 dicti
692 2177 862 2236 vicecomitis
874 2201 882 2247 3
901 2185 931 2236 et
951 2177 1028 2254 quod
1046 2178 1185 2254 predictus
1199 2176 1360 2235 Willelmus
1374 2175 1536 2232 Viceocmes

337 2278 494 2336 Beaumont
507 2277 585 2334 nulla
597 2275 652 2334 alia
665 2276 724 2334 sive
737 2275 818 2352 pluro
831 2283 921 2332 terras
943 2295 992 2332 seu
1009 2283 1167 2333 tenemento
1187 2273 1286 2331 habuit
1307 2273 1364 2330 sire
1382 2272 1471 2329 tenuit
1485 2288 1536 2326 nec

335 2377 365 2434 in
379 2375 517 2434 dominico
530 2393 582 2432 nec
596 2375 625 2431 in
639 2373 757 2431 servicio
770 2391 821 2431 nec
842 2375 870 2429 in
891 2373 1050 2430 reversione
1070 2373 1145 2430 dicto
1167 2372 1212 2429 die
1236 2389 1293 2447 quo
1317 2369 1395 2435 obiit,
1419 2377 1448 2425 et
1461 2367 1537 2444 quod

337 2475 456 2532 Briossus
472 2472 620 2551 Stnpylbon
634 2471 713 2528 miles
726 2481 755 2529 et
768 2471 912 2530 Jnhannes
933 2470 1041 2528 Norres
1059 2471 1181 2546 armiger
1202 2477 1268 2527 sunt
1287 2468 1354 2526 dicti
1367 2463 1536 2524 vicecomitis

335 2570 451 2629 heredes
464 2567 685 2646 propinquiores,
706 2566 833 2624 videlieet
856 2567 976 2625 Brianus
995 2566 1143 2646 Stapylton
1157 2567 1231 2624 filius
1250 2565 1380 2623 Johenne
1393 2562 1448 2619 filie
1463 2560 1536 2617 dioto

335 2668 467 2726 Jobanne
494 2666 596 2730 sororis
624 2664 691 2722 dicti
715 2662 904 2732 vicecomitis,
930 2671 960 2720 et
986 2662 1126 2738 predictus
1154 2661 1299 2721 ,Iohannes
1327 2659 1435 2717 Norres
1461 2657 1536 2714 filius

337 2761 515 2842 Fredysvvide
529 2762 582 2819 alie
595 2760 654 2818 filie
667 2759 741 2817 dicte
755 2758 885 2817 Johenne
909 2759 1011 2814 sororis
1030 2757 1097 2815 dicti
1112 2756 1300 2823 Vioecomitis,
1314 2764 1342 2812 et
1356 2755 1432 2831 qnod
1445 2754 1537 2811 dictus

337 2861 457 2919 Brianus
468 2869 593 2936 tempore
604 2857 742 2932 capcionis
752 2854 838 2931 hujus
852 2853 1040 2929 inquisitionis
1050 2853 1105 2909 fuit
1118 2851 1199 2928 plene
1209 2851 1300 2918 etatis,
1314 2850 1442 2908 videlicet
1455 2849 1537 2906 etatis

335 2959 401 3016 xxvi
415 2976 551 3016 annorum
572 2963 601 3012 et
620 2953 747 3029 amplius,
771 2959 799 3008 et
821 2950 897 3027 quod
919 2950 1010 3006 dictus
1031 2948 1176 3006 Johannes
1197 2947 1304 3004 Norres
1325 2955 1450 3022 tempore
1470 2963 1535 3020 cap·

335 3057 422 3115 cionis
436 3054 521 3133 hujus
542 3049 727 3129 inquisitionis
745 3048 800 3106 fnit
819 3047 901 3106 etatis
915 3048 961 3104 xix
975 3065 1112 3103 annorum
1132 3044 1301 3120 etamplius.
1344 3043 1378 3100 1n
1392 3043 1473 3117 cujus
1493 3041 1534 3098 rei

336 3155 525 3211 testimonium
537 3161 596 3210 tam
610 3149 677 3207 dicti
697 3146 928 3206 commissionarii
942 3163 1027 3222 quam
1048 3143 1167 3221 predicti
1185 3143 1326 3220 juratores
1340 3141 1406 3198 huic
1419 3139 1534 3216 inquisi-

336 3249 404 3305 tioni
418 3249 509 3324 sigillo
524 3268 574 3307 sus
587 3242 799 3324 apposuerrmt.’'

376 3343 458 3412 Joan,
486 3343 624 3419 daughter
651 3342 684 3400 of
707 3340 786 3399 John
811 3339 948 3396 Viscount
972 3337 1130 3394 beaumont
1155 3333 1212 3392 and
1239 3333 1321 3390 sister
1344 3331 1377 3389 of
1406 3331 1534 3390 william

337 3443 475 3500 Viscount
488 3440 646 3498 Beaumoot
658 3437 715 3494 and
728 3436 807 3495 Lord
820 3435 948 3503 Bardolf,
962 3433 1071 3491 mother
1085 3432 1118 3490 of
1135 3430 1250 3490 Francis
1264 3429 1406 3488 Viscount
1419 3426 1531 3499 Lovell,

336 3541 369 3600 of
385 3537 459 3597 Joan
474 3536 537 3594 wife
551 3534 584 3592 of
604 3534 651 3594 Sir
666 3534 751 3591 Briau
773 3531 923 3610 Stapylton
934 3531 967 3589 of
988 3529 1106 3590 Carlton
1119 3530 1149 3586 in
1165 3528 1262 3594 Baius,
1276 3547 1293 3584 a
1315 3545 1415 3586 manor
1435 3525 1465 3582 in
1485 3525 1534 3582 the

335 3639 432 3718 parish
446 3635 479 3694 of
491 3632 601 3703 suaith,
615 3651 687 3690 com.
698 3631 785 3688 Ebor.
799 3628 909 3704 might,
920 3627 977 3685 and
987 3627 1020 3684 of
1041 3626 1219 3703 Fredysvride
1232 3625 1296 3682 wife
1310 3625 1342 3682 of
1355 3623 1400 3682 Sir
1410 3621 1534 3681 Edward

336 3739 444 3796 Norres
458 3733 491 3793 of
511 3731 680 3799 Yattenden,
690 3748 762 3787 com.
773 3727 872 3796 Berks,
882 3724 993 3802 knight,
1007 3725 1133 3783 married
1142 3723 1205 3781 first
1215 3721 1293 3781 John
1304 3720 1412 3788 Lovell,
1423 3718 1533 3795 knight,

336 3835 415 3894 Lord
436 3829 535 3890 chell
556 3829 589 3887 of
608 3826 800 3893 Titchmsrsb‚
815 3844 886 3884 com.
902 3822 1020 3892 North¹¹‚
1041 3821 1176 3880 deceased
1195 3819 1247 3876 9th
1271 3818 1337 3878 Jen.
1350 3821 1371 3874 4
1386 3816 1466 3874 Edw.
1480 3814 1534 3872 IV.

339 3934 413 3992 1465
426 3955 433 3998 ;
454 3928 509 3988 und
523 3925 665 4005 secondly‚
681 3923 727 3984 sir
737 3923 863 3982 Wiiiiam
878 3920 994 3999 Stanley
1008 3920 1041 3978 of
1053 3919 1126 3977 Holt
1139 3918 1246 3986 Castle,
1257 3935 1329 3973 com.
1343 3913 1488 3990 Denbigh,
1502 3931 1534 3969 as

336 4048 376 4086 we
389 4028 466 4084 leam
479 4027 581 4083 frome
594 4023 691 4081 recital
701 4023 734 4079 of
743 4021 840 4079 letters
854 4027 964 4096 patente
974 4018 1063 4075 under
1076 4017 1124 4074 the
1134 4022 1215 4092 great
1223 4013 1288 4082 scal,
1298 4013 1416 4087 bearing
1429 4011 1492 4068 date
1505 4014 1536 4064 at

338 4126 547 4194 Westminster,
561 4121 609 4180 the
626 4120 695 4179 leth
709 4120 763 4198 doy
777 4119 810 4177 of
822 4117 992 4185 November,
1006 4113 1055 4172 the
1068 4113 1133 4172 fifth
1147 4132 1213 4192 year
1223 4111 1256 4169 of
1266 4109 1315 4169 the
1326 4109 1404 4184 reign
1413 4107 1446 4164 of
1457 4105 1536 4181 King
