3850 5020
425 626 524 692 xxviii
935 645 1113 693 sarraca.

423 799 537 858 sedibus
561 799 648 876 ipsius
672 797 811 870 Jehanne,
826 804 877 862 uc.
890 801 925 859 de
944 799 1091 878 principaii
1112 799 1208 858 debito
1221 805 1251 857 et
1264 795 1299 857 de
1313 797 1442 856 omnibns
1456 793 1584 876 expensis
1598 803 1627 856 et

422 895 551 973 dampnis
562 915 617 972 que
630 895 747 972 predicti
763 896 906 957 Robertus
919 905 948 956 et
961 895 1095 957 Johanna
1104 905 1133 954 et
1146 895 1264 954 heredes
1277 895 1403 972 ejusdem
1417 895 1549 955 Johanne
1564 913 1625 952 sus·

422 994 558 1050 tinuerint
572 992 716 1050 occasione
731 993 804 1051 dicte
825 995 949 1072 pecunie,
963 1004 996 1052 ut
1017 992 1176 1068 predictum
1188 1001 1240 1062 eat,
1254 1011 1310 1050 non
1325 993 1415 1050 solute
1435 1013 1486 1069 per
1506 993 1625 1070 inquisi-

422 1090 528 1147 tionem
548 1096 579 1146 et
601 1089 853 1149 considerationem
877 1093 1015 1151 bonorum
1035 1099 1064 1150 et
1082 1090 1214 1167 legalium
1233 1089 1388 1147 hominnm.
1430 1089 1470 1148 Et
1482 1089 1626 1147 sciendum

424 1185 557 1262 estquod
581 1192 645 1261 post
667 1187 812 1246 decessum
835 1188 908 1247 dicte
932 1189 1082 1250 comitisse
1099 1187 1211 1263 quando
1231 1186 1336 1244 dictum
1357 1185 1548 1244 molendinum
1561 1205 1627 1244 cum

422 1283 596 1358 pertinentiis
618 1293 770 1342 reverteret
793 1285 919 1361 predicto
947 1285 1075 1344 Roberto
1098 1292 1128 1343 et
1155 1283 1286 1343 Johanne
1309 1291 1339 1340 et
1362 1282 1511 1341 heredibus
1539 1283 1625 1358 ipsius

424 1377 554 1438 Johanne
574 1379 619 1437 vel
638 1380 695 1438 suis
716 1381 873 1458 assignatis,
887 1391 955 1442 trrnc
975 1383 999 1440 si
1019 1391 1132 1441 eanta
1149 1381 1215 1439 dicti
1236 1379 1389 1438 molendini
1402 1380 1518 1437 excedat
1530 1379 1625 1437 decem

424 1475 511 1536 libras
525 1495 575 1552 per
587 1485 728 1534 extentam
741 1498 796 1554 que
809 1478 885 1538 iacta
897 1479 952 1537 fisis
970 1497 1021 1557 per
1034 1487 1196 1556 preceptum
1210 1476 1327 1535 Domini
1343 1475 1439 1551 Regis,
1454 1476 1527 1533 sicut
1539 1475 1627 1533 conti·

425 1581 508 1630 netur
528 1573 557 1630 in
577 1573 677 1631 rotulis
691 1574 759 1632 dicti
781 1574 869 1651 Regis
893 1576 929 1635 de
952 1577 1076 1654 predicta
1096 1584 1207 1633 extenta
1225 1572 1337 1650 quando
1360 1573 1534 1649 participatio
1551 1571 1628 1630 facta

424 1669 480 1727 fuit
492 1669 565 1726 inter
588 1669 705 1728 heredes
719 1671 786 1729 dicti
808 1673 980 1743 Mareacalli,
994 1674 1110 1752 predicti
1126 1671 1268 1730 Robertus
1282 1679 1311 1728 et
1324 1668 1455 1728 Johsnna
1468 1679 1496 1726 et
1509 1668 1626 1728 heredes

425 1766 513 1842 ipsius
537 1765 668 1825 Johanne
691 1768 721 1825 id
742 1770 818 1846 quod
839 1771 1006 1847 superfuerit
1027 1771 1062 1828 de
1084 1770 1179 1829 decern
1202 1768 1281 1827 libris
1302 1768 1456 1826 secundum
1474 1767 1626 1844 predictam

427 1872 567 1922 extentam
588 1865 711 1941 predicte
741 1867 846 1943 Agneti
873 1876 903 1926 et
932 1867 1081 1927 heredibus
1109 1867 1167 1925 suis
1195 1866 1339 1924 annuatim
1363 1883 1413 1941 per
1435 1883 1533 1922 manns
1562 1883 1627 1922 suas

427 1962 600 2019 restituerint
612 1971 640 2020 et
655 1963 764 2022 solvent
777 1965 813 2022 ad
826 1967 959 2024 terminos
977 1967 1126 2043 predictos,
1141 1965 1254 2031 seilicet,
1274 1961 1452 2020 medietatem
1465 1963 1501 2020 ad
1515 1964 1628 2021 octabas

428 2057 525 2116 Sancti
540 2058 690 2116 Michaelis
703 2069 732 2118 et
745 2061 827 2119 aliam
841 2063 1017 2120 medietatem
1030 2062 1067 2120 sd
1087 2061 1201 2119 octabas
1216 2059 1334 2117 Pasche.
1376 2059 1498 2118 Predicti
1511 2061 1627 2136 insuper

429 2153 571 2212 Robertus
584 2162 613 2212 et
626 2155 759 2217 Johanna
771 2161 938 2218 remiserunt
947 2169 977 2218 et
990 2162 1116 2238 quietum
1126 2157 1316 2216 clamaverunt
1328 2175 1379 2232 pro
1393 2176 1423 2213 se
1437 2165 1466 2213 et
1479 2157 1627 2216 heredibus

427 2251 501 2308 dicte
520 2251 654 2310 dohanas
674 2254 796 2330 predicte
819 2257 926 2333 Agneti
940 2265 969 2314 et
989 2255 1138 2314 heredibus
1153 2255 1210 2311 ersis
1224 2254 1427 2330 imperpetuum
1440 2261 1530 2311 totum
1540 2255 1588 2330 jus
1599 2263 1628 2312 et

428 2345 560 2405 clamium
575 2348 650 2424 quod
663 2349 821 2410 habuerunt
833 2354 878 2412 vel
892 2353 986 2430 aliquo
1000 2353 1084 2410 modo
1096 2353 1199 2410 habere
1212 2351 1355 2428 potuerint
1368 2351 1397 2405 in
1411 2350 1505 2406 decem
1519 2349 1628 2409 libratis

427 2453 500 2502 terre
514 2445 636 2521 predicte
650 2446 781 2506 Johanne
798 2451 947 2528 assignetis
968 2451 997 2507 in
1018 2449 1226 2527 participatione
1250 2446 1411 2505 hereditatis
1436 2445 1501 2504 dicti
1517 2447 1627 2506 Mares·

341 2537 344 2544 '
426 2543 579 2602 calliinfra
591 2547 746 2603 manerium
756 2548 829 2606 dicte
842 2550 963 2626 Agnetis
978 2549 1011 2606 de
1026 2549 1168 2626 Ksrlyun.
1209 2547 1249 2606 Et
1256 2546 1293 2604 ad
1306 2547 1440 2622 majorem
1451 2546 1627 2603 securitatem

429 2639 512 2698 ambe
533 2649 626 2717 partes
646 2643 756 2700 cuidam
777 2645 881 2722 scripto
895 2647 968 2704 inter
989 2665 1037 2704 eoa
1055 2645 1092 2704 ad
1113 2645 1228 2703 modum
1251 2641 1419 2722 cyrographi
1443 2643 1572 2700 confecto
1591 2644 1628 2700 si-

429 2735 499 2812 gilis
512 2757 571 2807 sua,
586 2747 639 2796 etc.
653 2740 805 2799 secundum
818 2742 893 2818 quod
906 2743 1015 2821 plenius
1028 2743 1186 2800 continetur
1198 2741 1226 2797 in
1241 2740 1338 2799 eodem
1353 2740 1467 2816 scripto.

471 2841 489 2870 ‘⁶
500 2833 636 2893 Eborum.
679 2839 778 2916 Agnes
796 2839 831 2898 de
857 2841 949 2920 Vesey
969 2840 1122 2898 attachiata
1141 2839 1196 2896 fuit
1209 2839 1244 2896 ad
1265 2837 1488 2914 respondendum
1503 2836 1629 2895 Roberto

429 2930 565 3009 Aguylun
576 2932 610 2990 de
618 2934 723 3010 placito
734 2956 828 3012 quare,
840 2958 903 2996 cum
912 2939 985 2996 inter
995 2939 1084 3016 ipsam
1096 2939 1335 3012 Agnetem,unam
1345 2932 1476 2991 heredem
1486 2933 1628 2992 Comitum

422 3025 693 3100 Mareschallorum,
702 3043 731 3090 et
738 3035 830 3111 ipsum
841 3035 997 3094 Robertum
1006 3045 1035 3093 et
1042 3035 1211 3102 Johannam‚
1221 3032 1361 3109 quondam
1375 3050 1490 3088 uxorem
1503 3031 1628 3107 ejusdem

430 3123 557 3195 Roberti,
572 3135 602 3184 et
615 3128 732 3186 alteram
746 3129 875 3188 heredem
891 3133 1033 3190 Comitum
1042 3131 1239 3209 predictorum,
1250 3129 1356 3186 dudum
1370 3133 1538 3186 convenerat
1552 3125 1628 3201 quod

429 3220 591 3280 molendina
604 3223 638 3280 de
653 3223 779 3302 Kyldsre
792 3247 847 3303 que
859 3228 974 3286 fuerunt
983 3228 1017 3286 de
1025 3227 1178 3286 hereditate
1191 3227 1380 3305 predictorum
1395 3223 1628 3281 Marescallorum

426 3324 526 3391 etque
555 3317 719 3395 Margareta
739 3323 881 3398 quondam
903 3325 1052 3384 Comitissa
1070 3324 1215 3383 Lincolnie
1235 3341 1325 3399 nuper
1344 3320 1475 3379 defuncte
1492 3321 1580 3377 tenuit
1599 3321 1629 3376 in

431 3410 534 3482 dotem,
549 3418 651 3474 reverti
666 3418 797 3478 deberent
810 3421 914 3480 eisdem
942 3422 1068 3481 Roberto
1086 3430 1115 3479 et
1135 3421 1265 3480 Johanne
1284 3429 1348 3498 post
1360 3419 1503 3477 decessum
1521 3418 1630 3495 prefate

432 3509 581 3570 Comitisse
592 3514 620 3570 in
634 3527 766 3593 purparte
779 3519 865 3595 ipsius
885 3520 1017 3579 Johanne
1030 3521 1120 3598 ipsam
1140 3521 1318 3595 contingente
1342 3517 1377 3576 de
1400 3516 1553 3574 hersffinte
1566 3535 1630 3593 pre-

434 3605 518 3676 dicta,
531 3609 603 3668 sicut
616 3622 727 3672 constat
737 3615 849 3675 domino
866 3618 938 3695 Regi
952 3637 1001 3695 per
1014 3619 1213 3696 inspectionem
1226 3617 1383 3674 rotulorum
1396 3614 1560 3672 cancellarie
1573 3631 1631 3681 aue,

430 3705 527 3764 eadem
543 3709 641 3786 Agnes
655 3714 749 3770 statim
764 3725 958 3791 postmortem
973 3719 1081 3794 prefate
1094 3717 1243 3776 Comitisse
1257 3715 1371 3771 intrusit
1384 3733 1413 3770 se
1427 3713 1456 3768 in
1469 3711 1631 3770 molendina

431 3802 558 3877 predicta
571 3816 600 3864 et
612 3828 646 3866 ea
658 3809 750 3869 adhuc
769 3813 882 3882 detinet,
897 3823 1010 3890 propter
1024 3812 1101 3890 quod
1122 3812 1250 3869 dominus
1273 3809 1334 3867 Rex
1348 3829 1437 3886 nuper
1448 3809 1473 3866 ei
1487 3808 1630 3866 mandevit

431 3900 508 3974 quod
532 3903 690 3962 molendina
713 3907 761 3965 illa
783 3910 891 3986 prefato
918 3909 1042 3967 Roberto
1065 3910 1210 3966 restituere
1231 3909 1312 3984 juxte
1333 3908 1548 3964 convencionem
1568 3924 1631 3982 pre·

430 3995 543 4055 dictam.
586 4003 685 4078 Agnes
695 4006 771 4064 venit
788 4008 859 4064 etin
876 4007 1065 4065 misericordie
1078 4027 1129 4084 pro
1148 4005 1273 4082 pluribus
1287 4004 1407 4062 defaltis.
1449 4004 1551 4062 Postea
1565 4021 1631 4059 con·

429 4094 538 4153 cordati
549 4107 614 4156 sunt
627 4119 677 4177 per
689 4101 843 4174 licenciam,
857 4114 885 4162 et
898 4113 941 4162 est
955 4104 1105 4162 concordia
1114 4103 1187 4173 telis,
1199 4102 1273 4178 quod
1285 4101 1407 4178 predicta
1421 4103 1519 4177 Agnes
1533 4119 1631 4175 recog·

428 4193 520 4251 noscit
533 4196 656 4273 predicta
670 4200 829 4261 molendina
842 4222 907 4261 cum
924 4201 1097 4280 pertinentiis
1107 4220 1168 4259 esse
1178 4201 1226 4282 jus
1240 4200 1328 4277 ipsius
1345 4199 1462 4256 Roberti
1477 4197 1629 4256 secundum
