3850 5020
801 642 980 695 enrrnon.
1436 627 1494 700 lxv

291 813 343 854 noe
365 793 439 856 heire
457 815 584 866 enectus,
606 809 749 860 cneemcnt
767 801 803 860 od
824 802 864 860 les
878 803 938 861 feez
952 821 968 862 e
982 802 1019 862 od
1032 801 1060 863 le
1074 801 1190 873 donem,
1205 811 1293 882 quenl
1306 805 1326 864 il
1339 805 1492 867 escherret.

295 891 321 950 E
335 900 407 952 teter
421 895 493 954 celeo
506 903 596 954 terres
609 917 626 955 e
639 907 782 956 tenemens
796 919 886 958 eomes
900 909 981 960 lenus
995 921 1013 959 e
1026 901 1126 960 rendre
1139 922 1157 960 e
1168 902 1317 960 l'evenldit
1332 903 1442 963 Robert
1455 925 1493 964 on

293 1007 310 1047 c
325 1009 369 1048 ree
383 991 457 1050 heire
471 1001 650 1063 enteremenl,
674 995 698 1054 ei
712 1015 777 1054 cnm
790 1014 843 1054 nus
857 997 876 1054 li
890 998 988 1056 avions
1002 1007 1089 1056 event
1103 1001 1184 1066 done,
1205 1017 1271 1057 eene
1285 1001 1334 1057 nul
1345 1002 1493 1072 concredit,

293 1107 309 1146 e
323 1107 358 1166 qe
371 1097 431 1148 tute
444 1099 540 1150 nostre
553 1111 638 1168 grece
652 1093 795 1152 eventdile
809 1098 862 1152 seit
875 1115 928 1173 pur
941 1097 1007 1154 nule
1020 1115 1036 1156 e
1050 1096 1084 1154 de
1094 1106 1138 1155 tut
1152 1097 1252 1175 repelc.
1283 1098 1430 1157 Derechef
1438 1117 1456 1159 e
1467 1100 1493 1156 le

293 1195 421 1262 requesle
435 1188 492 1247 cele
508 1190 593 1266 Huge
611 1207 756 1250 reeevume
770 1211 787 1248 e
801 1201 896 1250 nostre
910 1211 973 1269 peeo
987 1191 1082 1253 Jchen
1097 1193 1131 1250 de
1146 1193 1265 1262 Neville,
1287 1213 1340 1252 eun
1358 1195 1443 1264 frere,
1457 1216 1493 1273 qe

292 1301 322 1340 ee
335 1283 381 1342 fut
393 1285 474 1344 chere
488 1305 506 1344 e
518 1286 665 1346 l'avnutdit
675 1289 769 1347 Cunte
782 1307 818 1346 eu
831 1287 859 1346 le
871 1307 971 1365 guerre
984 1289 1134 1360 evanidite,
1149 1309 1165 1347 e
1179 1290 1199 1347 li
1213 1289 1382 1367 perdonoms
1396 1301 1492 1350 nostre

292 1397 426 1440 renone
443 1391 538 1441 nostre
551 1383 734 1460 indignation.
776 1384 801 1442 E
820 1395 964 1462 grantcms
983 1404 1001 1444 e
1019 1385 1164 1443 l’aventdit
1189 1385 1275 1462 Huge
1298 1387 1324 1444 le
1347 1406 1444 1446 maner
1457 1389 1493 1446 de

294 1477 447 1536 Arnhele*
462 1477 499 1538 od
511 1499 556 1538 see
569 1489 776 1558 eporteuenoee
790 1481 881 1560 lequel
902 1482 1067 1542 l'eveuntdit
1087 1481 1184 1541 Johen
1197 1485 1271 1541 eveit
1284 1483 1322 1540 du
1333 1484 1389 1542 don
1405 1485 1492 1561 Huge

292 1593 344 1634 ron
357 1577 440 1646 frere,
454 1596 549 1636 ecver
563 1599 579 1638 e
593 1580 665 1638 tenir
678 1579 712 1638 de
733 1597 786 1638 nne
804 1598 821 1638 e
841 1580 875 1639 de
890 1580 1030 1640 nosheirs
1044 1599 1061 1638 e
1075 1581 1095 1639 li
1109 1599 1125 1638 e
1139 1597 1156 1638 u
1171 1599 1214 1640 res
1228 1579 1303 1640 heire
1317 1581 1354 1640 od
1367 1591 1438 1642 tetes
1452 1583 1493 1642 les

324 1779 338 1805 *
356 1779 471 1837 Annua,
482 1780 574 1838 Arndt,
591 1781 715 1828 ctlrmniee
727 1782 828 1840 Amore,
846 1783 866 1828 io
883 1797 898 1828 e
912 1783 991 1843 perirh
1010 1783 1036 1828 in
1055 1782 1096 1828 the
1115 1781 1228 1828 hundred
1243 1781 1270 1828 oi
1288 1783 1409 1841 Broxtew,
1426 1796 1489 1832 com.

292 1859 457 1920 Nottinghem,
476 1861 524 1908 end
544 1862 574 1922 hy
590 1861 692 1920 eherter,
710 1862 783 1910 dnled
800 1869 825 1910 et
846 1861 1003 1922 winchester,
1027 1860 1117 1921 iliey,
1138 1861 1210 1921 1204,
1228 1862 1294 1924 King
1310 1864 1376 1910 John
1392 1879 1451 1925 gere
1467 1871 1492 1914 to

294 1938 369 2000 Hugh
381 1942 412 1987 de
423 1942 501 1990 Nerill
512 1942 549 1990 hir
565 1957 649 1990 mener
659 1945 686 1990 oi
700 1943 813 2001 Ernhele,
829 1945 886 1991 with
897 1944 930 1990 eli
941 1945 982 1992 the
998 1943 1055 1990 eche
1065 1944 1114 1990 end
1130 1943 1163 1990 eil
1182 1944 1213 1990 ite
1228 1950 1426 2006 oppurtemncee
1442 1946 1490 1992 end

293 2022 349 2094 ¹with
362 2023 402 2070 the
412 2024 537 2070 edveween
547 2025 572 2071 oi
579 2025 619 2071 the
630 2025 728 2084 chureh,
739 2031 764 2072 to
775 2025 832 2072 hold
844 2026 871 2072 oi
879 2025 929 2072 him
937 2027 986 2071 ond
997 2026 1034 2072 hie
1044 2025 1107 2072 heinr
1118 2026 1143 2072 in
1156 2025 1261 2082 ieelerm,
1272 2026 1402 2086 rendering
1413 2028 1491 2074 there-

292 2106 352 2152 lrom
363 2105 475 2166 ennunlly
486 2111 527 2152 ten
538 2108 632 2168 pounde
647 2107 677 2167 by
688 2107 742 2165 tale,
760 2107 858 2168 peyable
869 2115 894 2154 et
911 2108 954 2154 the
970 2107 1114 2166 Enchequer
1125 2107 1151 2154 oi
1166 2107 1266 2154 london
1277 2125 1283 2164 ;
1301 2107 1402 2167 nemely,
1413 2115 1437 2153 ot
1448 2108 1490 2154 tho

292 2185 435 2246 Excheqner
445 2187 472 2232 ci
478 2185 513 2234 St.
526 2186 636 2244 michael,
648 2188 695 2234 end
707 2188 781 2248 doing
791 2187 832 2234 the
843 2188 931 2234 senice
942 2187 969 2234 oi
977 2187 1017 2234 the
1028 2187 1108 2234 ioumh
1120 2193 1173 2248 pert
1182 2187 1209 2235 oi
1215 2187 1256 2234 the
1264 2187 1306 2232 liei
1312 2187 1390 2234 olene
1401 2187 1489 2248 hnight

291 2267 327 2314 ior
337 2267 369 2314 cll
380 2270 468 2316 cervice
478 2269 526 2315 cnd
535 2271 639 2315 demand
654 2269 738 2316 iethet
749 2269 837 2317 behcll.
870 2269 938 2316 Alter
948 2270 989 2316 the
1000 2269 1073 2316 doeth
1085 2269 1112 2316 oi
1122 2269 1196 2330 Hugh
1208 2269 1239 2315 de
1251 2269 1328 2314 Nevill
1341 2269 1360 2316 it
1371 2283 1419 2316 wne
1432 2271 1490 2315 held

290 2346 321 2407 hy
333 2346 436 2394 Her-bert
447 2347 478 2394 de
488 2348 510 2394 N
513 2348 576 2407 eviii,
587 2363 602 2394 e
611 2363 718 2408 younger
727 2363 778 2406 eon,
789 2351 820 2409 by
831 2349 873 2396 the
881 2350 1016 2398 conceeeion
1028 2350 1141 2410 probably
1153 2349 1179 2396 oi
1188 2350 1225 2395 hie
1232 2349 1301 2396 elder
1313 2349 1417 2407 brother,
1423 2349 1491 2398 John

291 2427 321 2474 de
330 2427 352 2473 N
355 2429 417 2486 erili,
426 2429 504 2476 whom
515 2430 546 2476 he
556 2431 675 2479 curvired.
709 2430 738 2478 ln
750 2431 792 2477 the
802 2429 872 2478 Tecto
882 2430 912 2476 de
922 2430 943 2476 N
946 2431 999 2478 cviii
1012 2432 1031 2478 io
1042 2431 1089 2477 thie
1100 2436 1182 2491 entryz
1195 2431 1210 2455 “
1221 2429 1356 2478 lietbertus
1366 2431 1397 2477 de
1409 2430 1431 2476 N
1434 2430 1489 2476 ovili

290 2515 355 2556 tenet
367 2516 440 2558 totum
452 2511 531 2557 villam
542 2512 572 2557 dc
587 2511 689 2558 Arnhell
706 2519 729 2558 et
746 2518 855 2572 quartem
871 2519 963 2573 perlem
975 2511 1029 2560 ville
1041 2514 1071 2558 de
1083 2511 1234 2572 Wudeburg,
1251 2526 1294 2571 pro
1306 2512 1393 2571 quihue
1410 2513 1490 2559 reddit

291 2605 334 2652 per
344 2604 434 2639 ennum
447 2607 463 2638 x
471 2591 569 2640 librae.”
607 2589 659 2640 'she
670 2593 792 2654 following
804 2593 884 2640 letter
895 2592 988 2652 Patent,
1000 2607 1031 2640 on
1043 2593 1083 2640 the
1096 2591 1150 2639 Reli
1161 2593 1188 2638 cf
1197 2593 1237 2638 the
1249 2592 1388 2640 ninoteenth
1400 2607 1455 2653 year
1466 2593 1494 2638 oi

291 2671 374 2733 Henry
384 2673 426 2720 the
436 2673 520 2732 Third,
537 2673 597 2733 fully
607 2674 744 2721 eoteblhhee
754 2675 802 2721 thie
812 2676 884 2722 reizin
896 2675 921 2720 in
933 2674 1106 2722 contradiction
1123 2681 1148 2720 tc
1159 2673 1289 2731 Theroton,
1306 2674 1360 2719 who
1371 2673 1490 2733 supposed

290 2755 342 2801 thet
352 2753 457 2802 Herbcrt
468 2769 516 2800 wa
526 2769 541 2800 c
551 2756 662 2814 mieprinl
671 2755 709 2802 ior
721 2755 802 2816 Hugo.
826 2759 841 2782 “
850 2757 902 2802 Rex
913 2755 994 2801 liberio
1005 2755 1142 2800 hominibus
1153 2754 1290 2800 tenentibus
1301 2761 1375 2801 term
1383 2756 1413 2800 de
1427 2755 1490 2801 Her·

289 2835 356 2882 berte
369 2836 400 2882 de
412 2835 505 2882 Neville
516 2836 540 2882 iu
552 2835 659 2882 eminio
668 2841 692 2882 et
703 2837 728 2882 in
740 2837 805 2894 wke,
816 2836 925 2882 sulutem.
951 2834 1073 2895 Rogemus
1089 2849 1129 2882 voe
1146 2835 1260 2894 quatinus
1270 2835 1361 2896 prelnte
1370 2835 1490 2882 Herbertc

289 2916 386 2962 domino
395 2921 477 2973 vestro,
489 2916 532 2974 qui
542 2915 632 2960 auxilio
644 2921 722 2961 nostro
734 2915 825 2975 indiget
836 2916 866 2960 cd
878 2930 902 2960 ee
911 2914 1091 2961 sustentandum
1101 2915 1126 2960 in
1137 2915 1235 2960 servicio
1243 2921 1323 2960 noetro
1334 2921 1358 2961 et
1368 2915 1399 2960 ad
1409 2915 1491 2960 debite

289 3011 331 3042 rue
347 2995 514 3055 ccquielendo,
526 2995 666 3041 rationabile
676 2994 793 3040 auxilium
807 2994 934 3054 benignius
953 2993 1102 3052 impendatis,
1121 2995 1153 3040 ite
1170 2995 1235 3053 quod
1247 2994 1349 3040 eundem
1362 2994 1488 3040 dominum

289 3083 392 3126 rutrum
412 3079 436 3126 in
456 3077 510 3135 hiis,
527 3091 575 3138 que
593 3089 665 3137 penes
680 3077 758 3136 ipeum
776 3077 893 3122 habebitis
914 3075 1071 3137 expedienda,
1093 3077 1262 3136 promptiorem
1278 3083 1303 3122 et
1323 3076 1488 3136 benigniorem

290 3159 395 3208 invenire
411 3159 495 3206 merite
512 3157 644 3216 debehctie
663 3171 753 3218 noeque
772 3157 921 3204 devotionem
942 3161 1051 3213 vetram,
1069 3169 1142 3217 quem
1163 3171 1220 3217 erge
1239 3157 1364 3204 dominum
1384 3163 1488 3204 restrum

287 3240 369 3300 geritis
385 3245 549 3298 memoratum,
569 3240 656 3288 hebere
675 3239 820 3286 debebamus
837 3241 868 3286 ob
886 3239 930 3286 hcc
949 3239 1033 3288 merito
1050 3239 1248 3287 commendate-m.
1281 3236 1375 3300 nece)
1396 3237 1487 3300 R(ege)

289 3321 354 3380 opud
372 3320 523 3368 Windrerem
535 3321 577 3366 νίἰο
588 3321 627 3368 die
644 3321 739 3368 Juniis*
779 3319 966 3380 Woodhorough
982 3320 1115 3382 ieepuriuh
1133 3321 1259 3382 cdjoining
1271 3321 1365 3378 Amuli,
1376 3321 1420 3368 but
1437 3321 1462 3366 in
1474 3335 1489 3366 c

289 3403 400 3449 different
418 3402 537 3461 hundred,
556 3402 608 3450 tint
617 3403 644 3450 ot
659 3403 818 3463 Thurgnrlon,
835 3403 982 3462 coneerning
997 3402 1075 3449 which
1091 3417 1127 3450 we
1146 3403 1206 3449 heve
1222 3403 1288 3449 these
1302 3402 1398 3449 entriee.
1432 3402 1487 3448 “In

291 3485 433 3546 Wudehurg
444 3490 478 3532 eet
486 3499 534 3530 une
545 3486 630 3531 berete
641 3490 702 3532 terro
710 3485 740 3530 de
752 3485 871 3532 dominico
884 3485 992 3544 Regirde
1003 3484 1104 3543 Arnheb
1116 3497 1189 3545 quem
1201 3483 1276 3545 Hugo
1287 3484 1317 3531 de
1329 3484 1409 3532 Neriil
1420 3489 1487 3532 tenet

289 3568 352 3616 inim
366 3567 458 3614 firmem
470 3565 501 3612 de
512 3566 604 3612 Arnhnl
616 3565 646 3612 de
657 3565 721 3612 douo
736 3565 828 3612 domiui
844 3563 916 3625 Regio
933 3563 1059 3623 Johnnnie,
1077 3566 1119 3625 qui
1136 3566 1264 3626 respondet
1274 3566 1305 3612 de
1317 3565 1392 3612 xxviii
1399 3579 1418 3612 c.
1437 3567 1488 3614 κεί,

289 3651 319 3698 In
327 3650 408 3696 Oxtou
419 3654 454 3695 eet
465 3661 514 3694 nnc
525 3661 596 3708 perun
604 3649 688 3694 berete
699 3652 768 3705 terre,
777 3659 824 3706 que
835 3647 926 3705 perficit
937 3645 1002 3692 illem
1014 3660 1127 3707 magnum
1139 3647 1248 3694 bomem
1260 3647 1291 3693 de
1299 3645 1451 3706 Wudeburg,
1463 3651 1488 3692 et

289 3731 355 3779 debit
373 3727 515 3790 respondere
533 3727 564 3774 cd
586 3725 720 3774 nonnus·
758 3725 839 3772 Ontcn
855 3726 874 3772 is
891 3725 915 3772 in
934 3726 973 3774 the
988 3740 1052 3773 seme
1067 3727 1187 3786 hundred,
1206 3727 1255 3774 end
1274 3727 1341 3774 thero
1359 3741 1421 3774 were
1439 3735 1488 3774 two

288 3815 383 3860 bovelee
400 3811 425 3858 ic
442 3809 551 3869 Suelley,
566 3809 723 3868 nuclenllyci
737 3808 778 3856 the
793 3808 888 3856 scheol
905 3807 998 3866 ΛΜΗ,
1018 3810 1146 3870 rendering
1163 3810 1226 3868 iiic,
1245 3809 1294 3856 end
1311 3810 1380 3856 other
1398 3816 1445 3857 two
1462 3811 1488 3855 in

292 3881 404 3943 ertew
422 3893 504 3953 hythe
520 3907 584 3940 semo
597 3892 686 3942 service
700 3891 726 3940 oi
740 3892 781 3940 the
792 3905 855 3938 reme
866 3891 931 3950 eolre,
947 3891 995 3938 end
1007 3905 1052 3939 one
1063 3893 1146 3938 berete
1157 3892 1182 3939 in
1195 3890 1351 3951 Bilborough,
1362 3890 1492 3950 rendering

290 3977 321 4024 rii
328 3975 352 4024 d.
364 3981 388 4022 to
399 3975 440 4022 the
450 3974 544 4024 scheol
552 3973 646 4022 nmen.
681 3974 780 4034 Strellep
796 3974 845 4020 end
863 3973 1010 4034 Biiboreugh
1028 3987 1069 4020 cre
1086 3973 1197 4032 puriehce,
1216 3975 1260 4020 but
1276 3973 1396 4030 Broxtow,
1409 3970 1488 4017 which

289 4071 348 4119 gere
359 4069 429 4102 neme
439 4062 464 4103 te
476 4057 516 4103 the
528 4057 647 4114 hundred,
659 4071 706 4102 nne
717 4056 772 4116 only
782 4070 797 4101 c
808 4056 918 4116 chepelry
930 4057 955 4102 in
966 4056 1007 4102 the
1019 4055 1160 4102 lut-nomed
1176 4055 1263 4114 perieh.
1296 4053 1347 4102 The
1363 4057 1490 4099 statement

290 4140 316 4186 oi
325 4139 444 4186 Thorolen
461 4138 513 4186 thet
532 4137 608 4198 Hugh
619 4138 649 4185 de
661 4137 739 4184 Nevill
757 4137 814 4184 held
825 4151 842 4184 e
859 4137 938 4184 fourth
955 4143 1009 4198 pert
1023 4137 1050 4184 oi
1063 4151 1078 4181 c
1091 4137 1197 4196 knighth
1215 4136 1251 4182 iee
1267 4137 1292 4182 in
1304 4134 1396 4190 Amen,
1409 4132 1487 4177 which

291 4217 367 4278 Hugh
379 4219 409 4263 do
418 4219 505 4277 Nevill,
515 4219 552 4266 his
563 4221 646 4280 lether,
658 4219 723 4278 held,
736 4219 811 4278 citing
819 4217 889 4266 Teste
900 4219 930 4266 de
942 4219 963 4266 N
966 4219 1029 4280 orill,
1041 4219 1060 4266 ie
1071 4218 1158 4278 utterly
1169 4218 1234 4280 laice,
1245 4231 1271 4266 ec
1281 4217 1348 4265 there
1359 4216 1379 4261 ie
1390 4227 1421 4262 ne
1429 4211 1488 4260 such

335 4319 447 4368 oeno.
465 4319 538 4368 ooo.
889 4301 908 4364 k
