3886 5010
732 521 930 566 Arrnnnrx.
1173 503 1179 516 ’
1333 493 1400 576 ’197

677 672 965 732 lnuflrerneroitnnu.

286 783 381 838 llortne
392 789 506 848 Henrico,
518 787 585 851 Rege
594 791 710 852 predicto,
721 790 864 852 Stephane,
875 790 959 838 Oomee
971 790 1079 848 Boionie,
1086 791 1149 838 illine
1158 791 1244 838 eororie
1251 792 1311 852 eine,
1321 791 1405 838 cudite

252 878 329 918 morte
339 873 397 932 q'ue,
408 872 566 919 trenutrenrit
577 873 603 918 in
614 873 736 933 Anglium,
747 879 772 919 et
781 887 796 918 u
805 868 943 929 willielmo,
952 872 1080 918 Oenmnrie
1088 873 1281 934 Archiepiecopo,
1291 874 1404 920 inunctue

253 956 289 999 eet
304 952 330 997 in
348 951 438 1013 Regem
454 952 519 1012 epnd
537 952 681 1010 londonien,
697 967 761 998 enno
776 951 821 999 1⁰.
830 953 868 1000 θ’.
879 952 971 998 XXX0.
982 952 1023 1000 Ψ.
1057 952 1110 1000 Ηοο
1127 967 1191 999 enno
1207 953 1305 1000 eceleeie
1321 951 1404 1000 Sancti

253 1031 323 1079 Penii
335 1031 513 1081 Londoninrum
524 1035 647 1081 combuete
661 1039 696 1081 eet
707 1034 738 1081 de
748 1033 790 1080 illo
807 1033 871 1094 igue,
881 1035 932 1095 qni,
943 1049 1056 1082 nuceum
1066 1034 1097 1081 ed
1106 1040 1202 1095 pontem
1214 1034 1402 1091 londoniarum,

251 1116 357 1174 perrexit
367 1129 443 1176 neque
455 1114 486 1161 ed
501 1111 626 1162 eccleeiem'
640 1114 722 1162 Sancti
734 1115 863 1162 clementie
880 1115 1011 1162 Dunorum.
1044 1115 1117 1162 Anno
1133 1117 1201 1176 regni
1216 1117 1255 1164 nui
1272 1116 1312 1163 V0.
1324 1116 1402 1176 lmpe·

250 1196 334 1252 utrix,
345 1196 394 1242 filie
406 1197 507 1256 predicti
522 1195 597 1257 Regis
613 1197 721 1254 Henrici‚
737 1211 793 1243 cum
810 1196 923 1253 lieberto,
935 1197 1007 1242 netre
1022 1211 1073 1254 euo,
1085 1197 1177 1243 comite
1190 1197 1326 1256 Gloeernie,
1337 1196 1403 1244 venit

251 1275 277 1323 in
294 1275 415 1336 Anglinm,
427 1277 451 1322 in
468 1278 528 1325 lento
547 1277 629 1325 Suncti
647 1276 779 1324 Micheelie.
813 1278 905 1334 Poeta,
924 1291 988 1323 enno
1006 1277 1074 1338 regni
1093 1277 1130 1324 eui
1148 1278 1256 1337 eeptimo,
1267 1283 1350 1338 neptun
1366 1283 1403 1324 en

250 1357 315 1404 idem
333 1357 387 1405 Rex
403 1359 428 1404 in
444 1357 516 1415 bello,
532 1363 556 1404 et
571 1358 658 1404 dnum
668 1357 699 1404 ed
710 1358 841 1418 predictum
859 1357 1045 1418 Impemtriocm,
1061 1365 1085 1405 et
1101 1359 1126 1403 in
1143 1359 1239 1406 ceetello
1250 1359 1281 1406 de
1293 1359 1402 1406 Brietoue

251 1439 341 1499 pceitue
352 1439 376 1484 in
388 1439 504 1485 custodie.
538 1438 607 1484 Tune
624 1439 768 1499 Imperutrix
783 1453 798 1484 u
815 1438 1021 1486 londoniensibue
1036 1445 1060 1486 et
1075 1440 1106 1486 eb
1120 1441 1186 1486 omni
1196 1454 1258 1499 pene
1268 1445 1339 1502 gente
1350 1440 1401 1486 An·

249 1519 345 1582 giorum
355 1524 465 1579 euecepte
472 1526 507 1566 eet
514 1521 538 1566 in
550 1521 681 1578 dominnm,
689 1521 794 1581 exceptie
805 1521 969 1568 Genteneibun
1003 1521 1051 1568 Sed
1062 1520 1159 1568 tendem
1170 1535 1186 1566 e
1196 1521 1402 1568 londoniensibus

251 1599 396 1660 expuleeeet
408 1601 433 1645 in
448 1599 487 1646 die
503 1599 585 1646 Sancti
596 1599 715 1647 Jchennie
732 1603 837 1662 Baptiete
853 1603 963 1662 proximo
978 1603 1095 1662 eequenti.
1128 1601 1259 1648 Sciendum
1275 1601 1340 1661 quod
1356 1601 1402 1648 iete

252 1681 395 1740 Imperetrix
413 1681 460 1727 tuit
476 1681 526 1727 filie
542 1681 643 1741 predicti
661 1681 735 1742 Regin
754 1682 862 1740 Henrici,
876 1698 933 1743 que,
947 1684 1062 1731 defuncto
1075 1683 1229 1744 Impemtom,
1246 1683 1331 1728 merito
1348 1697 1400 1740 tuo,

251 1762 333 1821 nnpeit
344 1760 453 1807 Geinido
462 1760 626 1821 Pnnugenet,
633 1761 721 1809 Comiti
726 1763 902 1823 Andegevenei.
937 1763 1010 1810 Anno
1020 1763 1134 1825 predicto,
1141 1763 1220 1809 etetim
1231 1763 1257 1808 in
1269 1762 1311 1808 ille
1320 1768 1400 1821 utute,

251 1842 344 1888 obeeeee
358 1847 394 1887 eet
408 1841 490 1886 Turrie
504 1841 683 1887 Londonierum
699 1856 715 1887 n
731 1841 945 1900 londoniensibus,
958 1857 1032 1903 quem
1046 1841 1190 1889 Willielmue
1208 1841 1239 1888 de
1257 1841 1402 1903 llegneville

250 1921 348 1968 tenebut
362 1927 386 1968 et
400 1921 539 1968 iirmeverut.
573 1919 676 1969 Obeedit
692 1923 763 1968 etiem
780 1921 922 1981 imperatrix
938 1922 1061 1969 ceetellum
1071 1921 1195 1968 Wintonie
1210 1936 1267 1968 cnm
1282 1922 1401 1970 trunculo

248 1985 302 2056 ¹euo,
314 2000 405 2048 Doride
419 2001 483 2063 Rege
492 2001 636 2060 Scottorum,
647 2009 671 2050 et
679 2003 786 2063 predicto
795 2003 865 2049 lretm
874 2017 917 2049 euo
928 2003 1039 2050 Roberto.
1062 2001 1110 2050 Sed
1122 2001 1266 2049 Willielmne
1277 2001 1401 2063 Yprieneie

250 2087 275 2128 et
286 2080 379 2142 Regino
390 2081 464 2142 Regin
476 2082 592 2142 Stephnni
608 2097 663 2128 cum
680 2081 886 2128 Londonicmibue
895 2083 1004 2130 iecerunt
1019 2097 1071 2129 enm
1088 2081 1145 2129 inde
1160 2083 1277 2130 recedere.
1311 2083 1401 2143 Ceptue

250 2168 285 2209 eet
296 2168 355 2209 tunc
368 2162 492 2219 Robertue,
504 2161 589 2208 Comen
599 2163 728 2224 predictue,
739 2176 796 2208 cum
811 2162 900 2219 multu,
911 2163 981 2223 cuiue
996 2162 1046 2208 eoin
1062 2163 1201 2209 liberatione
1219 2163 1271 2209 Rex
1287 2163 1400 2210 libentur

249 2249 293 2300 eet,
308 2250 332 2290 et
342 2243 376 2290 eie
394 2243 516 2290 ebeolutue
530 2250 566 2291 eet
580 2251 691 2304 uterque.
725 2243 815 2304 Guptue
831 2244 877 2290 tuit
891 2244 966 2304 igitur
981 2257 1060 2290 comen
1075 2244 1196 2304 pnedietue
1212 2245 1237 2290 in
1254 2244 1294 2291 die
1310 2244 1399 2292 exulte·

248 2325 320 2373 tionie
336 2323 424 2372 emoto
437 2323 529 2383 Crucis,
542 2331 566 2372 et
584 2325 638 2373 Rex
655 2325 768 2372 liberetue
784 2331 820 2372 eet
835 2325 860 2370 in
878 2325 937 2371 teetc
953 2325 1061 2371 omnium
1077 2323 1228 2382 enectum,
1244 2332 1269 2372 et
1284 2327 1309 2374 ln
1326 2340 1400 2388 reguo

248 2407 378 2454 restitutus.
411 2407 603 2468 Annoeequenti
621 2405 675 2456 Rex
693 2407 932 2467 Stephenneobeedit
943 2406 1122 2466 imperatricem
1137 2407 1162 2452 in
1175 2404 1272 2454 Oxonie
1284 2426 1291 2464 ;
1305 2407 1400 2454 eedilln

247 2488 344 2536 tendum
355 2488 435 2535 evueit.
469 2487 553 2536 Poetee
567 2504 632 2536 euno
648 2489 716 2550 regni
732 2488 770 2536 eui
786 2504 858 2547 ηοηο,
869 2489 933 2550 cepit
949 2487 1004 2536 Rex
1016 2488 1154 2536 Gelli-idum
1170 2487 1201 2535 de
1212 2487 1357 2550 Megnerille
1373 2489 1399 2536 ln

247 2567 320 2615 curie
330 2583 374 2615 eun
383 2570 447 2630 epnd
464 2569 579 2617 &netum
590 2570 712 2616 Albanum
725 2577 778 2630 poet
789 2569 876 2616 lentum
889 2568 973 2615 Sancti
985 2568 1127 2625 Micheelie3
1144 2568 1195 2628 qui,
1210 2575 1238 2614 nt
1251 2569 1399 2628 libereretur,

247 2649 352 2696 reddidit
370 2649 432 2711 Regi
450 2650 545 2697 Turrim
564 2651 742 2698 londoniarum
761 2657 786 2696 et
804 2650 901 2697 metelle
918 2665 968 2696 eun
1007 2650 1062 2709 lpee
1079 2663 1134 2694 vero
1150 2655 1231 2709 pcetee
1249 2651 1274 2695 in
1292 2651 1398 2698 edventu

247 2727 345 2774 Domini
361 2728 416 2774 iecit
431 2729 553 2774 metellum
569 2725 699 2775 Ecclesium
715 2728 745 2774 de
758 2726 896 2787 Remmye.
929 2727 1002 2773 Anno
1016 2728 1126 2787 coquenti
1137 2727 1183 2773 mit
1197 2729 1301 2774 maxime
1314 2730 1395 2778 lemn.

247 2808 321 2855 Anno
335 2807 406 2868 Regin
420 2809 521 2867 predicti
536 2808 606 2869 xiiije.
618 2808 746 2854 trenelutue
761 2813 796 2854 eet
811 2808 913 2855 Senctue
928 2807 1111 2863 Erkenwnldue,
1122 2808 1188 2868 xviij.
1201 2807 1314 2854 kalendee
1326 2809 1396 2857 Octo-

246 2889 304 2945 brle,
314 2887 378 2947 upud
390 2886 506 2934 Sanctum
521 2886 623 2934 Paulum
638 2887 824 2934 londoniarum.
859 2888 931 2933 Anno
946 2888 1054 2945 eoquenti
1065 2887 1111 2932 tuit
1122 2887 1203 2946 hyeme
1219 2888 1331 2946 menime,
1346 2891 1396 2949 qui,

247 2969 364 3029 Incipient
375 2969 423 3030 viij.
436 2969 491 3014 idue
500 2968 644 3026 Decembri,
656 2969 752 3015 durarit
762 2983 837 3029 ueqne
848 2969 878 3014 ed
891 2984 915 3014 x.
924 2967 1039 3014 keleudu
1051 2967 1140 3024 Martii,
1149 2974 1173 3015 et
1183 2967 1286 3014 ’l'emieie
1296 2971 1330 3016 eie
1340 2985 1397 3018 oen·

246 3051 326 3111 geiste
333 3049 387 3106 fuit,
398 3056 426 3096 nt
436 3051 497 3111 pede
508 3057 533 3096 et
543 3064 605 3110 equo
616 3049 787 3096 tremitetetur.
822 3050 914 3107 Poetee,
921 3063 986 3095 enno
997 3049 1065 3111 regni
1076 3049 1114 3096 eci
1125 3050 1185 3097 xi10.
1197 3049 1257 3096 obiit
1267 3050 1330 3096 iiliue
1340 3065 1398 3098 euue

248 3123 381 3188 Enetecine,
390 3137 414 3178 et
425 3131 552 3187 ilenricue,
564 3131 623 3178 Dux
636 3132 790 3190 Normennie,
800 3130 864 3178 filine
876 3131 1035 3192 Imperutricie
1045 3132 1160 3192 predicte,
1171 3139 1195 3179 et
1206 3131 1304 3178 Oomitie
1314 3132 1397 3179 Ande·

247 3213 323 3274 perio,
330 3213 657 3274 venitinAnglieminmunu
663 3213 742 3260 relide
750 3219 833 3260 contre
839 3212 1083 3275 Regemfltephennm
1089 3213 1221 3261 belleturue
1227 3213 1397 3261 infinOctebee

248 3293 395 3354 Epyplrenie.
429 3294 461 3340 Et
475 3294 597 3341 ceetellnm
611 3294 642 3342 de
658 3293 823 3342 Mulmeeberie
839 3295 931 3342 obsedit
947 3301 972 3340 et
987 3294 1074 3340 militee
1088 3294 1153 3340 intue
1169 3296 1271 3341 obemce
1285 3294 1316 3341 ed
1330 3295 1396 3341 dedi·

246 3374 336 3422 tionem
347 3375 432 3435 coegit.
466 3373 549 3421 Poeten
559 3375 622 3422 nece
637 3381 672 3422 eet
687 3389 735 3435 pu
750 3375 812 3421 inter
829 3373 917 3436 Regem
929 3379 953 3419 et
964 3373 1042 3433 ipeurn
1056 3372 1149 3420 Ducem
1163 3372 1228 3434 epud
1241 3373 1397 3432 Wintouiem,

150 3451 154 3460 '
247 3461 329 3502 octerc
343 3453 457 3501 knlendce
472 3453 617 3501 Decembris.
660 3455 733 3500 Anco
748 3454 857 3513 eequenti
873 3453 933 3499 obiit
950 3451 1086 3512 Stephanus
1103 3451 1163 3512 Rex,
1174 3460 1198 3502 et
1208 3454 1315 3516 eepultue
1325 3461 1360 3504 at
1371 3457 1396 3504 in

247 3535 352 3584 Abethie
363 3535 393 3582 de
404 3534 556 3592 Fei'erelum,
569 3549 641 3596 quum
651 3539 806 3582 construeret.

628 3718 669 3765 De
679 3717 798 3766 Ηηοιιοο
809 3717 883 3766 Reor
893 3717 1017 3768 secerno.

279 3853 348 3902 Tunc
359 3858 480 3916 predictue
493 3855 620 3914 neuneu,
632 3855 691 3903 Dux
701 3855 856 3914 Nonnunnie,
867 3858 950 3905 enditc
965 3872 1060 3905 rumore
1071 3859 1102 3906 de
1112 3866 1188 3908 morte
1200 3862 1301 3922 predicti
1318 3861 1397 3924 Regin,

246 3936 311 3983 venit
323 3935 468 3993 Berelluum,
478 3942 503 3982 et
517 3937 550 3982 ibi
564 3950 608 3997 per
623 3949 700 3984 nuum
717 3949 822 3982 mentem
833 3943 931 3984 ventum
948 3939 1088 3998 expecterit,
1100 3947 1124 3986 et
1134 3943 1230 3988 veniene
1246 3942 1271 3987 in
1284 3943 1397 4004 Anglium

246 4017 297 4078 vij0.
315 4017 370 4064 idue
386 4016 531 4074 Decembrie‚
546 4019 576 4064 eb
593 4018 704 4064 omnibne
719 4017 808 4064 eleotue
825 4024 868 4076 net,
885 4025 910 4065 et
927 4020 993 4080 epud
1010 4019 1245 4069 Weetmonceterium
1262 4023 1286 4068 in
1307 4021 1395 4085 Regem

247 4103 336 4146 unctne
351 4111 366 4144 e
382 4096 526 4153 Theobeldo,
538 4097 721 4158 Archieplecopo
737 4099 873 4156 Oentneriu
887 4100 941 4160 iiij⁰.
958 4101 1051 4147 decimo
1067 4098 1180 4150 teleneu
1196 4102 1314 4160 Jennerii,
1333 4117 1397 4150 enno

1408 676 1526 737 oete.
