3920 5022
559 571 597 630 lt
915 579 1079 625 cucuron
1102 580 1280 625 uaroraurr
1305 581 1351 624 ur

555 731 597 796 ad
612 731 684 796 illos
699 733 966 810 summouendos,
985 731 1041 818 qui
1061 732 1147 798 bona
1168 731 1313 797 defuncti
1336 729 1530 810 habuerunt,
1552 751 1625 794 cnm
1639 727 1704 812 ipsi

557 856 685 918 semper
707 834 851 918 prompti
874 835 1017 912 fuerunt,
1032 835 1206 900 offerentes
1230 857 1265 900 ae
1291 833 1399 899 standi
1418 833 1604 898 aduectum
1619 831 1704 895 dicte

557 936 718 1021 Margerie
740 937 773 1000 in
790 937 888 1004 Curia
902 950 1033 1017 nostra3
1055 948 1090 1003 ct
1103 940 1202 1004 ctiam
1221 938 1305 1002 bene
1320 937 1487 1022 potuimus
1506 935 1588 999 illud
1603 933 1703 1018 placi·

556 1049 627 1104 tum
642 1039 795 1123 placitare
810 1061 1048 1123 permensum
1071 1040 1207 1104 duarum
1227 1039 1369 1126 partium
1388 1038 1469 1102 nihil
1484 1036 1704 1121 calumpnian-

556 1142 640 1206 tium
656 1143 723 1207 sive
738 1142 919 1228 petentium
933 1143 1040 1209 iorum
1063 1143 1328 1224 ecclesiasticum,
1342 1152 1377 1209 et
1397 1143 1523 1207 desicut
1538 1140 1701 1206 Dominus

557 1245 628 1310 Rex
643 1243 738 1309 nobis
753 1266 811 1330 per
824 1244 922 1310 breve
946 1267 1042 1310 suum
1056 1246 1137 1310 illud
1151 1247 1324 1311 terminare
1338 1245 1514 1331 precepit'’
1558 1243 1703 1308 'l'andem

556 1347 668 1412 multis
690 1347 953 1412 altercationibus
975 1347 1060 1412 inter
1082 1349 1302 1413 Justitiarium
1326 1360 1360 1413 et
1382 1348 1481 1414 Cives
1502 1347 1608 1425 factis,
1622 1345 1704 1409 dixit

555 1450 758 1515 Justitiarius
773 1453 796 1488 “
807 1451 895 1535 quod
909 1451 1096 1515 ostenderet
1109 1450 1164 1514 illa
1180 1451 1289 1515 omnia
1311 1451 1457 1516 Domino
1484 1449 1565 1534 Regi
1579 1457 1613 1513 et
1626 1469 1702 1512 cou-

555 1552 628 1616 silio
644 1552 737 1632 suo,''
762 1563 796 1616 et
811 1553 857 1617 sic
882 1563 1094 1618 recesserunt.
1139 1554 1259 1618 Postea
1281 1575 1359 1618 vero
1383 1575 1421 1618 ac
1443 1550 1649 1618 solummodo
1663 1549 1703 1613 de

556 1678 653 1721 causa
667 1656 754 1740 cepit
769 1656 933 1721 Dominus
950 1657 1022 1722 Rex
1038 1656 1213 1721 Civitatem
1228 1657 1261 1721 in
1278 1679 1377 1722 manu
1401 1679 1470 1736 sua,
1490 1669 1525 1722 et
1544 1653 1705 1720 commisit

556 1781 628 1824 eam
650 1758 819 1844 perbreve
841 1782 938 1824 suum
964 1758 1143 1824 Willielrno
1169 1761 1209 1824 de
1235 1760 1399 1826 Haverille
1422 1771 1457 1826 et
1479 1759 1640 1824 Eduardo
1664 1756 1705 1820 de

555 1861 848 1927 westmonasterio
859 1863 902 1927 ad
910 1862 1169 1941 custodiendam,
1180 1863 1313 1941 scilicet,
1328 1863 1363 1927 in
1372 1863 1491 1948 Vigilin
1503 1861 1616 1928 Sancti
1628 1861 1706 1926 Bar-

555 1965 722 2043 tholomei‚
751 1965 838 2028 unde
864 1963 974 2029 Maior
999 1976 1033 2030 et
1058 1965 1145 2028 cives
1171 1975 1377 2030 accesserunt
1397 1967 1438 2030 ad
1468 1966 1590 2051 Regem
1619 1962 1705 2048 apud

554 2067 750 2146 Wudestolr,
776 2067 987 2132 ostendentes
1017 2067 1047 2130 ei
1077 2067 1165 2152 quod
1194 2067 1295 2132 nichil
1324 2069 1551 2154 deliquerunt3
1581 2078 1615 2132 et
1638 2087 1705 2130 non

554 2179 732 2254 potuerunt
755 2169 889 2253 gratiam
912 2171 982 2254 ejus
1008 2169 1190 2253 impetrare.
1236 2171 1346 2237 Quare
1372 2171 1407 2234 in
1430 2169 1572 2235 adventu
1593 2190 1706 2234 eorum

555 2271 642 2356 apud
657 2271 847 2336 Londonias
861 2272 1028 2354 predictus
1048 2270 1245 2337 Willielmus
1261 2272 1302 2339 de
1316 2272 1482 2338 Haverille
1496 2272 1583 2357 cepit
1598 2292 1701 2335 sacra-

555 2385 703 2438 mentum
719 2373 759 2438 de
774 2373 897 2438 clericis
912 2373 1002 2438 etde
1017 2373 1176 2438 universis
1192 2374 1418 2455 servientibus,
1431 2375 1487 2461 qui
1501 2374 1706 2461 pertinebant

556 2476 596 2539 ad
621 2475 895 2554 vicecomitatum,
920 2487 959 2539 ut
983 2486 1093 2540 essent
1117 2475 1323 2542 intendentes
1348 2478 1388 2557 ei,
1414 2478 1540 2542 Maiore
1565 2487 1600 2541 et
1620 2477 1705 2542 vice·

556 2576 731 2642 comitibus
745 2599 764 2640 a
778 2575 903 2640 Balliva
919 2597 977 2639 sna
1000 2577 1128 2642 amotis.
1175 2580 1293 2644 Postea
1312 2579 1347 2644 in
1369 2579 1422 2646 die
1437 2579 1611 2644 Dominica
1630 2586 1705 2642 ante

557 2680 769 2745 Nativitatem
802 2679 920 2744 Sancte
947 2679 1053 2745 Marie
1082 2692 1273 2766 receperunt
1303 2682 1412 2747 Maior
1442 2693 1475 2747 et
1500 2680 1706 2746 vicecomites

559 2783 732 2848 Civitatem
748 2783 782 2847 in
798 2783 948 2848 manibus
961 2783 1028 2848 suis
1043 2806 1102 2870 per
1111 2785 1276 2850 licentiam
1292 2785 1402 2870 Regis,
1413 2794 1447 2849 et
1462 2785 1531 2848 dies
1547 2784 1640 2849 datus
1656 2793 1708 2848 est

557 2887 604 2951 eis
619 2887 660 2950 ad
675 2888 938 2972 respondendum
954 2886 995 2951 de
1009 2887 1155 2972 predicto
1166 2887 1290 2972 judicio
1316 2908 1424 2951 coram
1448 2888 1536 2971 Rege
1557 2896 1591 2951 et
1605 2886 1707 2950 Baro-

557 2989 654 3053 nibus
685 2990 752 3054 suis
781 2989 816 3054 in
846 2988 998 3054 Crastino
1030 2989 1264 3054 Translationis
1299 2988 1411 3055 Sancti
1440 2988 1591 3054 Edwardi
1619 2987 1706 3073 apud

557 3090 897 3154 westmonasterium.

337 3201 386 3276 μ’.
399 3202 455 3248 0⁰³·
470 3200 545 3276 xlviij·
644 3190 823 3256 Nicholaus
838 3191 923 3254 filius
938 3189 962 3255 J
963 3211 1052 3276 ocey.

337 3267 544 3394 ζ’ζμέᾍζζᾎ]
646 3291 811 3357 Galfridus
827 3292 868 3356 de
883 3292 1044 3378 Wynton.

605 3394 678 3458 Hoc
693 3415 779 3457 anno
800 3393 887 3459 cives
908 3394 1153 3459 Londoniarum
1168 3395 1209 3459 ad
1231 3397 1425 3481 petitionem
1447 3399 1583 3463 Domini
1599 3399 1707 3483 Regis,

559 3518 626 3561 non
641 3494 755 3575 coacti,
770 3504 804 3560 et
817 3496 910 3581 qnasi
925 3495 1038 3575 coacti,
1064 3496 1268 3562 adduxerunt
1291 3521 1414 3564 merces
1437 3523 1511 3564 suas
1534 3502 1575 3564 ad
1589 3501 1708 3564 nundi-

559 3621 618 3664 nas
632 3599 916 3663 Westmonasterii
930 3599 982 3663 die
998 3600 1109 3664 Sancti
1124 3601 1285 3679 Edwardi‚
1297 3615 1331 3666 et
1345 3604 1442 3667 etiam
1455 3603 1552 3667 Cives
1566 3603 1708 3688 plurium

560 3702 728 3767 civitatum
753 3701 870 3786 Anglie
893 3723 951 3786 per
976 3712 1165 3786 preceptum
1191 3703 1326 3767 Domini
1352 3706 1450 3790 Regis
1474 3705 1519 3770 ibi
1548 3716 1708 3770 venerunt

560 3826 635 3870 cum
657 3802 818 3867 mercibus
834 3803 914 3881 suis,
929 3802 985 3887 qui
1000 3823 1114 3866 omncs
1125 3802 1159 3865 in
1174 3802 1237 3866 illis
1252 3805 1407 3869 nundinis
1423 3828 1547 3871 moram
1562 3807 1709 3872 fecerunt

560 3905 736 3992 plenariam
752 3926 809 3989 per
829 3903 1013 3989 quindecim
1034 3903 1114 3981 dies,
1137 3904 1296 3970 universis
1315 3907 1404 3992 sopis
1426 3917 1460 3972 et
1475 3907 1572 3972 aeldis
1588 3929 1708 3972 merca·

560 4023 668 4075 torum
689 4007 722 4070 in
742 4007 922 4072 Loudoniis
945 4006 1075 4072 interim
1093 4006 1221 4072 clausis.
1267 4010 1306 4073 ln
1328 4011 1479 4075 Crastino
1499 4032 1576 4076 vero
1598 4011 1709 4075 Sancti

562 4110 714 4178 Edwardi
729 4109 837 4176 Maior
859 4121 892 4175 et
907 4111 992 4176 cives
1008 4120 1260 4194 comparuerunt
1279 4113 1365 4197 apud
1381 4112 1714 4178 westmonasterium.
