3930 5088
544 593 607 652 184
912 607 1077 653 cronica
1100 607 1278 654 uaroauu
1304 607 1348 652 ar

541 758 651 823 divina
673 758 836 826 miseratio
861 757 1051 824 indulsisset
1058 783 1070 839 3
1093 758 1150 825 sed
1173 780 1261 824 nunc
1285 779 1371 824 nora
1394 758 1533 846 qaedam
1557 759 1696 827 molesta

541 870 576 925 et
603 859 710 926 tristia
734 859 829 927 robis
861 859 1088 947 compellimur
1115 859 1280 937 nunciare,
1305 882 1369 946 qne
1394 881 1467 939 nos,
1491 859 1528 925 in
1552 862 1694 928 meslino

540 959 627 1025 beati
642 961 792 1048 Gregorii
805 961 982 1028 existentes
997 961 1147 1041 Viterbii,
1171 971 1205 1027 ct
1227 961 1262 1028 in
1277 962 1412 1028 ecclesia
1431 962 1568 1028 nouam
1589 964 1696 1030 mino·

540 1086 612 1128 rum
621 1063 892 1144 [Viterbientium
907 1064 1080 1130 missarum
1095 1064 1276 1151 solempnia
1290 1065 1470 1146 audientes,
1484 1087 1525 1130 ex
1539 1065 1694 1132 relatibus

539 1166 743 1253 quorundam
757 1168 822 1233 fide
847 1167 1020 1253 dignorum
1046 1167 1237 1247 didicimus3
1263 1167 1425 1249 videlicet,
1450 1168 1539 1254 qnod
1564 1168 1693 1254 Gwydo

539 1279 573 1335 et
583 1270 697 1336 Simon
710 1271 751 1337 de
762 1272 880 1336 Monte
893 1271 995 1351 Forti,
1006 1270 1176 1350 milites‚in
1187 1271 1406 1352 karissimum,
1417 1272 1693 1358 consanguineum

538 1384 699 1455 nostrum,
724 1375 906 1441 Dominum
929 1375 1122 1454 Henricum,
1151 1375 1405 1462 primogenitum
1432 1386 1590 1456 vestram,
1612 1377 1691 1441 dum

538 1476 633 1541 dictis
648 1477 700 1543 dic
715 1487 749 1544 et
773 1477 854 1543 hora
879 1477 914 1542 in
939 1478 1079 1563 quadam
1102 1477 1165 1542 alia
1188 1478 1310 1562 capella
1332 1477 1471 1543 Vaterbii
1493 1488 1568 1544 ante
1594 1501 1690 1544 mum

536 1579 720 1666 hospicium
749 1590 847 1662 esset,
875 1601 973 1647 eausa
998 1579 1151 1646 audiendi
1178 1581 1324 1661 missam,
1354 1601 1413 1646 seu
1437 1581 1562 1662 orandi,
1590 1603 1691 1647 mann

536 1682 699 1749 irruerunt
712 1693 845 1764 armata,
856 1693 891 1749 et
903 1682 1024 1750 ibidem
1040 1705 1127 1763 eum,
1138 1683 1314 1771 instigante
1329 1683 1469 1764 diabolo,
1484 1685 1689 1766 occiderunt3

537 1786 625 1869 qnod
653 1784 748 1852 vobio
776 1785 946 1852 referimus
975 1808 1043 1852 non
1072 1785 1197 1872 absque
1223 1786 1411 1852 vehementi
1439 1787 1546 1853 cordis
1585 1789 1689 1853 nostri

536 1887 749 1956 amaritudine
771 1911 809 1956 ac
842 1889 963 1955 dolore.
1007 1891 1054 1954 Et
1075 1901 1233 1976 quantum
1257 1890 1334 1956 inde
1358 1890 1505 1956 dolentes
1530 1891 1633 1956 simas
1654 1899 1689 1957 et

535 1990 692 2056 fuerimus
706 2011 744 2056 ac
758 1990 891 2072 turbati,
905 1992 1035 2057 favente
1044 1991 1201 2071 Domino,
1214 1991 1429 2078 proponimus
1443 1993 1614 2058 ostendere
1628 2013 1688 2078 per

535 2093 687 2156 effectum
713 2112 838 2156 verum.
897 2092 983 2157 Cum
1006 2092 1142 2158 dilectus
1169 2093 1261 2159 miles
1287 2102 1409 2171 noster,
1432 2093 1620 2160 Florencius
1645 2095 1687 2159 de

534 2191 709 2272 warenne,
739 2193 844 2258 nostri
873 2191 993 2279 navigii
1017 2194 1204 2272 Amirallus‚
1234 2194 1396 2280 quendam
1421 2193 1559 2260 liberum
1588 2217 1685 2260 sunm

533 2316 608 2359 cum
616 2293 726 2360 liberis
740 2295 902 2360 karissimi
918 2295 1149 2381 consanguinei
1159 2297 1275 2377 nostri,
1284 2295 1420 2363 Domini
1441 2295 1603 2378 Edwardi‚
1618 2298 1680 2383 pri-

534 2397 689 2482 mogeniti
699 2397 834 2462 illustris
846 2398 944 2484 Regis
958 2398 1086 2484 Anglie,
1094 2398 1223 2480 habeat,
1231 2410 1270 2463 ut
1283 2399 1513 2480 intelleximus,
1524 2423 1684 2467 commor-

532 2507 661 2579 antem3
675 2498 828 2586 idemque
844 2500 1032 2564 Florencius
1048 2521 1108 2586 pro
1122 2511 1214 2586 parte
1229 2501 1365 2567 Domini
1379 2501 1531 2566 Edwardi
1546 2523 1685 2590 semper,

532 2611 570 2665 ut
589 2601 819 2682 intelleximus,
844 2603 943 2668 fuerit
966 2612 1079 2667 contre
1105 2603 1309 2691 Gwydonem
1332 2613 1367 2669 et
1393 2605 1570 2690 Symonem
1593 2617 1684 2672 ante-

532 2705 647 2784 dictos,
662 2727 704 2770 ne
715 2704 821 2771 eidem
836 2705 939 2770 libero
954 2705 1033 2770 dicti
1047 2705 1159 2772 militis
1174 2707 1278 2772 nostri
1292 2706 1422 2792 aliquod
1436 2708 1542 2791 possit
1558 2707 1682 2775 incom-

531 2809 666 2872 modum
703 2809 842 2889 evenire,
883 2807 1159 2894 magnificenciam
1202 2820 1356 2888 vestram,
1400 2831 1465 2895 qua
1507 2832 1683 2895 possumus

531 2909 711 2994 affectione,
740 2935 903 3000 rogamus,
932 2911 1085 2997 quatinus
1114 2912 1155 2977 ad
1184 2935 1245 2978 nos
1276 2913 1366 2978 salvo
1395 2922 1428 2978 et
1466 2935 1578 2979 secure
1604 2914 1683 2981 dicti

530 3014 677 3080 Amiralli
691 3026 725 3081 et
739 3017 852 3083 militis
874 3016 979 3081 nostri
1002 3015 1140 3080 liberum
1166 3017 1350 3082 remittatis.
1395 3016 1519 3081 Datum
1543 3017 1683 3084 Viterbii

529 3115 562 3180 in
580 3119 720 3183 crastino
734 3118 810 3184 festi
824 3117 971 3204 predicti.

615 3219 724 3283 'l'enor
751 3218 941 3299 litterarum,
970 3241 1050 3305 quas
1080 3220 1152 3285 Rex
1180 3220 1372 3286 Alemannis
1402 3221 1492 3287 misit
1514 3221 1681 3290 Fratribus

662 3317 848 3386 Minoribus
863 3319 1108 3386 Londoniarum
1122 3343 1182 3408 pro
1196 3321 1264 3388 filio
1279 3345 1350 3388 suo.

574 3421 742 3504 Ricardus,
771 3423 835 3490 Dei
861 3424 962 3512 gratia
986 3425 1207 3493 Romanorum
1236 3427 1318 3506 Rex,
1348 3447 1476 3510 semper
1500 3427 1682 3512 Augustus,

530 3522 695 3590 Gardiano
729 3528 879 3592 Fratrum
901 3529 1070 3594 Minorum
1095 3527 1351 3609 Londoniarum,
1379 3539 1413 3593 et
1441 3528 1588 3613 ejusdem
1616 3531 1680 3596 loci

529 3629 704 3694 conventui
729 3629 855 3696 dilectis
879 3631 1005 3696 devotis
1032 3629 1110 3712 suis,
1130 3630 1268 3697 salutem
1288 3641 1322 3696 et
1349 3631 1472 3696 sincere
1498 3632 1680 3698 dilectionis

528 3731 691 3797 affectum.
736 3733 842 3811 Nova,
857 3731 1059 3798 detestabilia
1073 3742 1107 3799 et
1121 3755 1246 3800 merore
1260 3735 1357 3820 plena
1380 3734 1546 3800 devotioni
1570 3744 1678 3800 vestre

528 3833 673 3919 cogimur
708 3833 872 3914 nunciare,
901 3834 1060 3911 videlicet,
1092 3836 1180 3921 quod
1209 3837 1323 3902 Simon
1352 3846 1387 3902 et
1416 3837 1555 3924 Gwydo,
1590 3836 1679 3902 illius

527 3936 717 4023 nequissimi
732 3936 918 4024 proditoris,
932 3938 1097 4023 quondam
1120 3937 1263 4003 Simonis
1288 3938 1329 4004 de
1344 3939 1462 4004 Monte
1485 3940 1587 4020 Forti,
1610 3941 1680 4022 filii,

527 4039 670 4104 Sathane
692 4039 857 4118 satellites,
873 4039 908 4104 in
922 4039 1063 4105 crastino
1083 4040 1194 4108 Sancti
1215 4042 1362 4127 Gregorii
1382 4043 1469 4128 apud
1484 4043 1677 4128 Vytarbium

526 4141 560 4208 in
587 4142 742 4212 dilectum
771 4143 1023 4229 primogenitum
1052 4154 1201 4210 nostram
1240 4145 1431 4225 Henn'cum,
1466 4147 1500 4210 in
1538 4149 1676 4232 quadam

1928 1035 1964 1101 f
