3850 5020
435 487 502 554 lviii
949 507 1126 553 essenos.

435 679 492 718 was
505 659 562 718 laid
575 671 606 717 to
627 658 676 718 the
690 660 777 716 eastle
799 679 836 718 on
852 660 1014 739 Thursday,
1039 661 1111 717 soth
1135 659 1220 728 June,
1240 660 1328 724 1224,
1343 657 1399 714 and
1412 651 1577 712 meanwhile
1589 649 1638 708 the

437 758 518 834 King
532 765 595 814 seut
608 774 644 814 an
658 755 755 813 armed
773 757 851 814 band
872 767 902 815 ιο
916 757 980 815 seek
1002 757 1048 814 for
1072 757 1224 824 Falcasiue,
1248 755 1304 814 and
1318 753 1397 812 when
1411 752 1500 810 iormd
1512 761 1543 807 to
1555 749 1640 824 bring

436 854 496 914 him
510 862 541 911 tc
554 853 602 910 the
626 853 705 930 royal
728 873 868 929 presence,
883 854 946 912 who
960 855 1090 914 remmed
1104 854 1171 912 with
1194 854 1370 928 intelligence
1384 851 1446 908 that
1466 849 1502 908 be
1515 847 1572 905 had
1585 844 1640 903 ded

438 959 470 1008 ιο
484 949 591 1008 Wales.
632 949 695 1006 The
709 950 794 1008 castle
807 969 863 1008 was
888 950 970 1008 tehen
992 970 1028 1008 on
1050 950 1098 1009 the
1115 950 1184 1008 ltth
1202 950 1256 1028 day
1271 950 1304 1006 of
1325 950 1448 1023 August,
1472 945 1527 1004 and
1543 943 1643 1020 Henry

440 1046 476 1104 de
490 1047 635 1124 Braybroc
650 1056 692 1103 set
712 1057 742 1103 at
755 1046 867 1125 liberty.
909 1045 1115 1104 Disheartened
1135 1046 1173 1124 by
1188 1045 1244 1102 this
1258 1065 1342 1112 news,
1365 1042 1413 1100 the
1427 1040 1502 1099 rebel
1523 1059 1601 1098 came
1613 1051 1644 1096 ιο

441 1142 491 1201 the
506 1143 585 1220 King
598 1144 687 1202 under
700 1143 749 1200 the
764 1142 884 1201 conduct
898 1143 931 1202 ol
944 1144 1106 1202 Alexander
1119 1143 1220 1219 bishop
1240 1141 1274 1199 ci
1293 1143 1447 1218 Coventry,
1464 1147 1495 1196 at
1511 1137 1642 1203 bedford,

443 1239 500 1297 and
513 1239 613 1316 falling
626 1249 657 1298 at
670 1241 718 1297 the
734 1241 836 1316 King's
849 1241 907 1298 feet
920 1241 1008 1300 selred
1028 1242 1074 1299 for
1087 1260 1181 1318 merey
1196 1241 1224 1297 in
1238 1238 1442 1296 consideration
1457 1235 1491 1292 of
1507 1234 1552 1292 his
1565 1241 1646 1310 great

445 1337 565 1394 services
579 1347 609 1394 to
623 1337 681 1395 him
695 1337 751 1394 aud
770 1336 814 1395 his
828 1339 923 1396 father
944 1340 973 1395 in
988 1337 1036 1395 the
1050 1339 1117 1394 nme
1131 1339 1165 1394 of
1185 1337 1369 1394 insurrecticn
1388 1333 1444 1392 aud
1456 1351 1524 1390 nar.
1564 1330 1647 1388 Then

446 1431 496 1490 the
518 1433 607 1510 Κίος,
629 1433 668 1510 by
689 1433 788 1491 advice
812 1435 846 1491 of
866 1434 911 1490 bis
935 1434 1055 1502 council‚
1080 1433 1220 1490 delivered
1243 1433 1302 1490 him
1324 1431 1383 1488 into
1404 1431 1452 1488 the
1476 1428 1594 1506 custody
1618 1427 1652 1484 of

449 1529 572 1588 Eustace
595 1531 696 1608 bishop
718 1531 752 1590 οἱ
772 1530 901 1598 London‚
926 1531 997 1588 rmtil
1021 1531 1070 1588 the
1091 1531 1157 1588 tinal
1181 1541 1310 1588 sentence
1335 1549 1391 1586 was
1416 1527 1544 1586 resclred
1564 1545 1650 1603 upon.

450 1625 498 1684 Ou
513 1627 561 1685 the
575 1627 642 1686 Roll
657 1628 690 1685 of
711 1627 825 1686 letters
840 1629 925 1687 Close
949 1629 982 1685 of
1002 1627 1050 1686 the
1074 1629 1141 1686 teth
1164 1627 1280 1708 yearci
1302 1627 1402 1705 Henry
1419 1626 1475 1685 111.
1496 1645 1535 1682 m.
1561 1626 1606 1690 17,
1621 1624 1648 1679 in

450 1723 544 1793 dorso,
558 1725 583 1783 is
607 1745 625 1782 a
646 1745 717 1802 copy
730 1727 764 1783 of
782 1745 818 1784 an
832 1725 1008 1790 instmment„
1027 1735 1058 1783 ιο
1072 1725 1161 1783 which
1187 1725 1319 1800 Dugdale
1333 1724 1385 1781 has
1399 1722 1501 1781 affixed
1521 1742 1559 1780 an
1573 1741 1651 1780 eno·

451 1840 538 1878 neous
552 1821 627 1890 date,
641 1842 672 1879 as
685 1823 712 1879 if
722 1823 755 1880 ot*
772 1823 834 1880 thet
847 1843 922 1901 year,
951 1825 1038 1892 1229,
1062 1823 1118 1880 and
1142 1825 1171 1879 in
1193 1841 1384 1898 consequence
1398 1823 1432 1879 ol*
1451 1821 1509 1879 this
1533 1819 1652 1877 blunder

449 1915 551 1995 falsely
564 1916 683 1993 charges
696 1937 748 1976 our
768 1917 921 1976 historiens
936 1917 1003 1974 with
1027 1937 1044 1974 a
1068 1927 1149 1993 great
1162 1917 1281 1975 mistalre
1304 1935 1336 1974 as
1358 1925 1388 1973 ιο
1410 1917 1459 1974 the
1472 1917 1539 1973 time
1552 1915 1587 1974 of
1607 1915 1651 1972 his

451 2013 638 2072 bartishment.

495 2111 666 2169 “Omnibus
681 2111 787 2170 Christi
812 2110 940 2168 fidelibus
962 2117 1104 2185 presentes
1127 2109 1235 2168 litteras
1257 2111 1424 2187 inspecturis
1450 2110 1595 2169 Falkasius
1619 2108 1654 2166 de

456 2206 588 2273 Bmute,
603 2204 731 2264 salutern.
775 2205 823 2264 Ad
844 2205 1032 2262 universitatis
1055 2215 1148 2262 vestre
1169 2206 1300 2264 noticiam
1323 2206 1387 2264 volo
1402 2207 1557 2282 pervenire,
1579 2204 1655 2282 quod

456 2321 521 2360 cum
534 2301 787 2358 excommunicatus
801 2319 891 2358 essem
905 2319 955 2377 pro
970 2299 1130 2358 ἀοιοοοίοοο
1145 2301 1262 2359 Hem-ici
1283 2302 1318 2360 de
1333 2303 1486 2380 Braybmc,
1501 2301 1655 2360 Justiciarii

457 2397 561 2456 domini
577 2397 674 2472 Regis,
688 2407 718 2453 et
730 2397 947 2454 incarceratione
961 2397 1048 2472 ipsius
1059 2397 1089 2454 in
1103 2406 1197 2454 castro
1212 2399 1378 2456 Bedefordie
1392 2409 1421 2456 et
1435 2419 1485 2476 pro
1500 2400 1657 2457 detentione

457 2491 582 2570 ejusdem
596 2491 680 2548 castri
694 2501 792 2548 contra
805 2491 948 2548 dominum
964 2491 1072 2566 Regem
1086 2501 1116 2548 et
1135 2492 1190 2549 alia
1209 2495 1368 2552 turbatione
1392 2496 1481 2570 regni,
1502 2514 1557 2570 ego
1580 2503 1657 2570 post·

457 2589 573 2648 modum
586 2588 623 2645 ad
636 2607 685 2645 cor
698 2597 842 2646 revertens
856 2589 1044 2647 absolutionis
1068 2589 1232 2648 beneficium
1257 2592 1323 2667 petii
1347 2591 1490 2658 humiliter
1502 2601 1531 2649 et
1544 2592 1653 2658 devote,

459 2685 530 2743 etin
544 2684 641 2761 primis
665 2693 752 2742 totam
775 2705 911 2742 summam
935 2686 1059 2762 pecuarie,
1084 2706 1167 2763 quarn
1183 2697 1250 2745 tunc
1264 2690 1396 2766 temporis
1418 2689 1513 2755 habui,
1535 2689 1659 2746 Domino
1707 2747 1711 2754 ,

462 2781 535 2856 Regi
548 2781 673 2838 concessi
687 2789 716 2838 et
730 2778 793 2838 dedi
807 2801 858 2859 pro
869 2791 947 2859 parte
962 2782 1160 2842 satisfactionis
1171 2785 1205 2842 de
1219 2786 1347 2862 dampnis
1359 2787 1411 2842 sibi
1425 2786 1520 2842 illatis.
1550 2787 1661 2840 Aumm

459 2879 546 2938 etiam
569 2886 598 2936 et
621 2887 777 2954 argeutum,
801 2881 911 2938 tamin
936 2881 1052 2957 mcunia
1075 2901 1159 2958 quarn
1185 2884 1213 2938 in
1229 2885 1311 2950 vasis,
1325 2901 1405 2940 arma
1424 2883 1509 2937 etiam
1522 2889 1552 2935 et
1565 2897 1663 2952 equos,

459 2995 557 3036 omnes
571 2977 656 3034 etiam
669 2985 769 3042 terras,
783 2979 972 3052 possessiones
986 2987 1015 3036 et
1029 2978 1163 3044 redditus,
1177 2998 1248 3053 quos
1261 2978 1356 3043 habui,
1371 2976 1467 3032 firmas
1480 2982 1509 3030 et
1523 2972 1662 3032 custodias

461 3081 490 3130 et
504 3073 595 3142 vadia,
605 3073 669 3130 volo
680 3073 756 3149 quod
768 3073 910 3130 Dominus
926 3074 989 3130 Rex
999 3073 1103 3130 habeat
1113 3073 1166 3128 sibi
1181 3073 1308 3128 similiter
1318 3091 1370 3146 pro
1379 3079 1458 3144 parte
1467 3069 1664 3128 satisfactionis

461 3167 497 3224 ad
509 3167 667 3225 faciendam
680 3168 852 3224 voluntatem
867 3187 956 3226 suam.
1000 3167 1040 3223 Et
1052 3167 1129 3241 quod
1142 3166 1226 3222 michi
1241 3168 1333 3240 gretia
1345 3167 1420 3224 facta
1433 3177 1477 3224 est
1490 3166 1518 3223 in
1532 3185 1574 3233 eo,
1588 3167 1665 3243 quod

463 3261 608 3318 absolutus
621 3261 673 3328 t'ui,
687 3271 837 3335 antequam
862 3280 1020 3338 proposse
1043 3281 1106 3319 meo
1129 3261 1325 3320 satisfecissem
1349 3263 1472 3332 omnino,
1498 3283 1664 3322 consensum

464 3355 579 3414 adhibui
590 3356 666 3431 quod
679 3357 703 3413 si
716 3357 851 3414 cestrade
866 3357 1035 3435 Plymptona
1045 3367 1074 3416 et
1084 3359 1118 3416 de
1135 3359 1340 3439 Stoice-curcy,
1352 3380 1406 3437 que
1420 3361 1525 3421 reddidi
1541 3361 1666 3420 Domino

468 3453 551 3528 Regi,
565 3453 590 3510 ei
605 3453 735 3510 restituta
750 3471 807 3510 non
829 3453 935 3511 fuerint
959 3454 1032 3513 infra
1055 3456 1180 3524 audies,
1202 3476 1255 3534 ego
1278 3459 1306 3514 in
1328 3459 1473 3536 pristinam
1498 3459 1665 3518 sententiam

467 3548 588 3607 recidam
602 3549 785 3624 appellatione
796 3559 911 3610 remota.
960 3550 1060 3610 Juravi
1081 3553 1165 3611 etiem
1186 3573 1269 3630 super
1291 3565 1388 3613 saneta
1413 3555 1569 3631 Evangelia
1590 3555 1666 3632 quod

468 3645 556 3702 nichil
568 3645 697 3722 amplius,
711 3646 786 3723 quod
805 3648 913 3716 scirem,
938 3647 1022 3707 habui
1046 3650 1091 3709 die
1114 3652 1302 3728 conceptionis
1325 3653 1482 3710 litterarum
1506 3655 1623 3711 istamm
1637 3655 1665 3709 in

470 3741 545 3799 vasis
558 3741 604 3800 vel
615 3744 740 3818 pecunia,
750 3763 819 3802 auro
834 3745 877 3802 vel
892 3757 1019 3821 argento,
1033 3749 1118 3806 armis
1132 3748 1176 3805 vel
1190 3750 1278 3826 equis,
1289 3750 1317 3805 in
1333 3750 1440 3824 Anglia
1454 3750 1500 3807 vel
1513 3751 1588 3816 alibi,
1602 3758 1631 3806 et
1644 3751 1668 3806 si

469 3838 499 3895 in
513 3836 566 3896 hcc
579 3839 679 3897 falsam
693 3840 798 3910 dixero,
812 3841 876 3899 volo
890 3844 966 3919 quod
979 3845 1064 3902 nichil
1085 3845 1170 3902 michi
1184 3847 1272 3921 prosit
1289 3846 1438 3916 absolutio,
1453 3856 1495 3904 set
1508 3867 1669 3904 excommu-

470 3933 578 3992 nicatus
593 3936 644 3992 sim
658 3937 841 4014 appellatione
863 3949 977 4007 remote,
1001 3943 1072 3999 sicut
1085 3942 1171 4018 prius.
1214 3942 1253 4000 Et
1267 3943 1290 3999 si
1314 3945 1469 4001 occurrerit
1491 3944 1669 4019 postmodum

472 4032 602 4090 memorie
616 4051 677 4090 mee
690 4034 766 4110 quod
780 4035 885 4110 aliquid
898 4037 1018 4112 amplius
1031 4036 1150 4096 habeam
1173 4049 1201 4096 et
1226 4059 1282 4098 nou
1298 4041 1478 4098 transmisero
1493 4040 1562 4098 illud
1576 4040 1670 4097 statim
