3856 5038
787 572 964 616 renunes.
1372 551 1474 615 lxxvii

276 719 405 778 salutem.
446 721 521 785 Quis
536 719 709 798 Megareia,
723 742 778 799 que
791 723 846 780 fuit
858 742 931 782 uxor
945 721 1062 780 Domini
1078 722 1198 779 Roberti
1213 721 1360 797 Aquillon,
1374 731 1428 780 etc.
1442 731 1475 779 ut

274 834 368 891 supra.
410 814 530 895 T(este)
544 818 651 893 meipso
664 818 739 893 apud
754 818 882 876 Berewilr
903 837 987 894 super
1010 817 1142 874 Twedom
1156 824 1235 875 sexto
1249 816 1294 873 die
1307 816 1388 875 Iunii
1401 836 1475 874 suno

274 912 353 986 regni
367 911 456 968 nostri
470 912 628 969 vicesimo.”

313 1007 384 1066 'l'bis
399 1009 461 1066 writ
472 1010 499 1066 is
513 1009 650 1067 endorsed
665 1010 721 1067 Pro
742 1009 855 1069 domino
878 1009 1003 1085 Hugone
1018 1009 1146 1078 Bsrdolf,
1171 1007 1228 1066 sud
1252 1017 1282 1066 st
1294 1009 1332 1066 its
1347 1007 1411 1065 dste
1424 1007 1473 1066 the

276 1105 356 1182 King
369 1126 425 1164 was
439 1107 550 1186 beyond
565 1107 663 1165 Trent.

317 1203 417 1264 Under
433 1205 481 1262 the
504 1203 567 1262 first
580 1206 642 1262 writ
664 1204 712 1262 the
733 1204 877 1281 following
897 1203 1075 1281 inquisitione
1089 1222 1162 1261 were
1180 1202 1264 1260 talen
1279 1204 1308 1260 in
1322 1203 1479 1279 respectos

276 1301 328 1358 her
341 1301 441 1370 doner,
455 1321 487 1358 ns
501 1301 643 1361 Countess
657 1302 690 1359 of
701 1301 822 1370 Devon;
843 1301 891 1358 tbe
902 1300 964 1358 first
977 1301 1003 1357 is
1017 1300 1062 1357 for
1082 1300 1134 1358 ber
1152 1319 1251 1358 mnnor
1264 1300 1298 1357 of
1310 1299 1476 1370 Newnbsm,

276 1417 348 1457 com.
362 1398 503 1456 Onon:—

318 1503 336 1531 “
348 1495 497 1572 Inquisitio
519 1505 601 1573 cepte
623 1496 756 1553 vicesimo
777 1503 877 1552 octavo
896 1493 940 1552 die
957 1494 1036 1552 Junii
1056 1513 1131 1551 enno
1144 1493 1224 1569 regni
1240 1493 1329 1568 Regis
1344 1491 1475 1551 Edwardi

278 1597 328 1650 xx⁰
343 1610 426 1668 super
439 1592 563 1649 articulis
578 1593 750 1668 subscriptis,
770 1591 900 1649 videlicet
918 1600 1064 1667 quantum,
1078 1595 1130 1648 dre.
1145 1589 1191 1668 (as
1211 1591 1240 1646 in
1262 1591 1310 1648 the
1324 1588 1413 1667 urit)
1427 1610 1477 1666 per

277 1689 316 1745 xii
327 1689 437 1763 juratos
461 1689 641 1765 subscriptos,
664 1688 795 1746 videlicet
818 1708 868 1764 per
890 1687 1048 1746 Ilobcrtum
1073 1687 1107 1745 de
1131 1686 1223 1754 Lulle,
1238 1689 1289 1745 dc.
1311 1689 1359 1764 qui
1380 1688 1479 1746 dicunt

277 1802 360 1858 super
373 1791 577 1841 secramentum
600 1805 681 1841 sunm
695 1784 772 1861 quod
793 1785 868 1842 dicte
892 1783 1058 1860 Margarctn
1078 1783 1167 1840 nichil
1189 1784 1281 1842 tenuit
1304 1785 1339 1842 de
1361 1785 1475 1844 domino

279 1882 358 1957 Rege
372 1882 401 1938 in
420 1882 511 1958 capite
523 1881 552 1937 in
566 1881 700 1938 comitatu
715 1879 834 1948 Osonie,
859 1879 909 1938 sed
933 1881 1024 1938 tenuit
1046 1881 1202 1938 manerium
1223 1881 1258 1938 de
1281 1880 1434 1940 Newebnm
1447 1884 1476 1940 in

277 1979 375 2035 eodem
390 1979 523 2036 comitutu
543 1978 572 2034 in
587 1977 682 2034 dotem
696 1976 731 2034 de
753 1976 893 2035 dotatione
916 1977 1068 2034 ledewiui
1087 1977 1121 2034 de
1136 1977 1242 2045 Insula,
1261 1979 1402 2055 quondam
1423 1980 1476 2036 viri

279 2077 330 2144 sui,
346 2083 375 2132 et
387 2075 423 2132 de
434 2074 588 2131 hereditete
600 2073 731 2132 Ysabelle
745 2073 780 2131 de
795 2073 928 2132 Fortibus
943 2075 1093 2133 Comitisse
1109 2074 1282 2132 Albemsrlie
1298 2089 1327 2132 et
1346 2075 1475 2134 Devenie

277 2180 306 2229 et
319 2173 355 2228 ed
368 2172 457 2248 ipsam
472 2170 622 2228 Isabellcm
636 2173 739 2228 reverti
753 2171 837 2228 debet
850 2180 914 2247 post
929 2179 1049 2228 mortem
1062 2172 1149 2247 ipsius
1164 2171 1329 2248 Margarete
1342 2182 1476 2248 tanquam

277 2264 409 2325 heredem
433 2267 659 2342 propinquiorem
683 2266 801 2342 predicti
826 2266 978 2324 Bnldewini
1000 2275 1030 2324 et
1054 2266 1134 2343 plene
1161 2269 1254 2325 etatis.
1310 2267 1350 2325 Et
1372 2269 1478 2327 tenebit

278 2365 432 2423 manerium
446 2364 604 2440 predictum
618 2362 652 2420 de
662 2362 777 2420 domino
806 2363 887 2440 Rege
908 2364 936 2420 iu
951 2363 1040 2439 capite
1061 2383 1112 2439 per
1131 2364 1333 2440 serjanteriam,
1348 2365 1387 2422 ito
1400 2366 1478 2440 quod

278 2462 337 2539 ipse
351 2460 399 2536 qui
413 2468 490 2518 tenet
503 2461 657 2518 manerium
671 2461 749 2518 dabit
764 2460 876 2518 domiuo
898 2460 973 2536 Regi
986 2479 1089 2536 squam
1101 2461 1139 2519 cd
1152 2461 1285 2519 lavandas
1298 2481 1397 2520 manus
1411 2481 1476 2520 suns

278 2559 322 2616 die
332 2557 442 2616 Natalis
452 2557 780 2634 Domini,etasportnbit
790 2564 818 2614 et
826 2557 940 2615 habebit
950 2557 1043 2633 pelves
1052 2565 1081 2615 et
1088 2559 1294 2634 manutergium
1301 2561 1476 2634 proservicio

277 2656 409 2733 predicto,
417 2663 445 2712 et
452 2655 527 2712 velet
537 2655 691 2711 manerium
702 2673 867 2730 perannum
879 2655 910 2710 in
922 2656 1050 2712 omnibus
1060 2656 1179 2712 exitibus
1187 2647 1372 2731 qucdrcgmte
1381 2657 1477 2714 libres.

279 2753 315 2812 Iu
336 2752 417 2827 cujus
438 2751 477 2807 rei
497 2751 688 2806 testimonium
709 2748 825 2824 predicti
845 2751 933 2824 jurati
948 2749 1013 2806 huic
1031 2750 1204 2825 inquisitioni
1220 2751 1313 2826 sigilla
1330 2771 1476 2830 sueappo·

278 2857 400 2910 suerent.
441 2848 550 2905 Datum
564 2846 639 2923 apud
653 2845 807 2904 Newehsm
821 2845 864 2902 die
878 2854 907 2902 et
921 2865 995 2902 anno
1009 2847 1194 2922 supradicto.”

319 2947 382 3003 The
406 2953 473 3003 next
492 2946 516 3002 is
548 2945 594 3001 for
618 2943 666 3000 the
690 2961 789 3000 msnor
813 2943 855 2999 of.
873 2941 1032 3019 Pishobury
1056 2943 1086 2998 in
1115 2942 1378 3019 stbridgeworth‚
1405 2964 1477 3002 com.

280 3043 426 3100 Hertsz-

319 3147 338 3174 “
353 3137 499 3214 Inquisitio
513 3136 589 3195 fecte
601 3136 631 3192 in
649 3135 774 3192 manerio
788 3133 823 3191 de
837 3133 951 3212 Pysboo
965 3133 1011 3192 die
1027 3133 1141 3192 Sebbnti
1156 3135 1283 3212 proximo
1296 3143 1362 3192 onte
1374 3135 1478 3193 festum

282 3234 380 3292 sancti
393 3233 533 3292 lobannis
548 3233 675 3306 Baptiste
690 3230 840 3311 (21Jun.)
854 3251 928 3288 anno
941 3233 1021 3308 regni
1037 3230 1125 3307 Regis
1141 3231 1272 3289 Edwardi
1286 3232 1427 3300 vicesimo,
1441 3233 1476 3290 de

280 3329 362 3386 terris
376 3338 404 3385 et
419 3329 584 3386 tenementis
598 3348 653 3405 que
666 3329 782 3386 fuerunt
796 3327 960 3405 Margarete
974 3328 1008 3385 de
1024 3327 1164 3406 Ryporiis,
1186 3328 1335 3388 Comitisse
1347 3329 1476 3386 Devonie

280 3436 309 3485 et
321 3426 356 3483 de
371 3423 619 3491 Insuls‚def1mcte
632 3427 662 3481 in
676 3426 809 3482 comitatu
825 3425 990 3483 Hertfordie
1000 3445 1050 3501 per
1064 3425 1228 3483 Gulfridum
1242 3427 1276 3483 de
1293 3425 1421 3495 sacham,
1428 3434 1478 3486 ltro.

278 3525 338 3591 Qui
352 3523 449 3580 dicunt
463 3540 546 3597 super
568 3531 771 3578 sacramentum
794 3541 876 3578 suum
897 3521 973 3597 qnod
995 3522 1119 3598 predicta
1141 3521 1305 3598 Margareta
1327 3522 1479 3582 Comitissa

280 3621 410 3681 Devonie
431 3619 538 3676 nullam
556 3627 660 3675 terrm
683 3619 775 3675 tenuit
797 3619 828 3675 in
849 3617 973 3695 predicto
994 3619 1127 3677 comitatu
1147 3619 1176 3676 in
1199 3621 1288 3696 capite
1310 3620 1344 3678 de
1365 3621 1479 3679 domiuo

280 3719 370 3796 Rege.
411 3718 520 3776 Dicunt
534 3717 617 3773 etiam
631 3716 707 3792 quod
728 3716 852 3792 predicte
874 3715 1038 3794 Margaretn
1051 3717 1141 3773 tenuit
1153 3718 1309 3774 manerium
1323 3717 1479 3794 predictum

279 3817 315 3874 de
329 3816 443 3894 Pyshoo
467 3823 496 3872 et
517 3814 571 3872 hoc
594 3813 711 3871 indute
735 3823 800 3890 post
823 3825 941 3870 mortem
967 3812 1128 3891 Baldewyni
1152 3813 1187 3870 de
1209 3811 1316 3882 Insula,
1338 3815 1480 3889 quondum

279 3913 372 3970 mariti
396 3913 448 3970 sui.
494 3911 573 3970 Idem
598 3910 786 3989 Baldewynus
810 3911 900 3968 tenuit
933 3908 1089 3986 predictum
1123 3911 1278 3967 manerium
1304 3910 1339 3968 de
1366 3910 1479 3968 domino

283 4010 427 4068 Willelmo
441 4011 475 4067 de
490 4011 547 4088 Scy
561 4010 591 4067 in
606 4011 696 4086 capite
710 4029 759 4086 per
774 4009 922 4066 servicium
935 4009 1021 4064 trium
1034 4005 1180 4064 feodorum
1194 4007 1313 4064 militum
1327 4015 1355 4065 et
1373 4007 1479 4064 dimidii

280 4108 404 4164 etunius
427 4105 570 4182 quartarii,
590 4113 619 4162 et
642 4103 716 4162 velet
740 4103 895 4181 predictum
919 4103 1072 4161 manerium
1097 4123 1272 4178 perannum
1296 4103 1324 4160 xl
1339 4103 1426 4161 libras
1448 4104 1477 4158 in
