3920 5022
515 569 773 615 vicacosrrruu
802 569 1088 615 conoonrnnuu.
1331 552 1372 623 51

269 718 387 784 Postea
411 718 446 783 in
470 720 578 805 vigilia
600 721 712 786 Sancti
735 720 850 787 Jacobi
874 729 1079 786 recesserunt
1103 718 1210 784 etiam·
1228 719 1374 784 Berones

223 841 337 886 versus
360 822 623 888 windleshoram
652 847 671 888 a
700 824 882 890 Londoniis
911 823 953 888 ad
978 821 1195 888 obsidendum
1221 821 1373 886 Castrum

222 921 324 1003 illud3
347 926 435 1010 quod
450 926 580 1010 quidem
597 926 748 992 Castrum
763 927 927 990 redditum
942 933 994 990 est
1007 945 1065 1010 per
1080 924 1260 988 Dominum
1283 923 1375 986 Edu-

224 1025 349 1106 ardum,
363 1048 442 1112 paca
456 1029 605 1107 fonnata,
619 1027 673 1093 die
695 1036 772 1114 post
793 1027 976 1113 predictum
997 1027 1130 1104 festum,
1155 1025 1262 1089 mbae
1286 1025 1374 1110 Rege

222 1135 257 1190 et
286 1127 468 1194 Batonibus
499 1151 624 1194 moram
653 1130 847 1196 facientibus
884 1130 968 1195 circa
997 1129 1166 1207 Fuleham,
1201 1136 1236 1191 et
1264 1128 1374 1192 statim

222 1227 400 1314 alienigene
414 1253 470 1317 qur
459 1231 567 1296 infra
584 1231 737 1297 Castrum
752 1235 885 1298 luerunt
899 1231 1163 1317 repatriaverunt

264 1331 357 1397 Time
386 1334 542 1418 temporis
566 1333 664 1398 etiam
689 1334 800 1419 plures
824 1335 998 1418 Magnetes
1025 1341 1059 1396 et
1083 1330 1138 1394 alii
1162 1329 1374 1395 ostenderunt
1388 1335 1436 1394 cai
1438 1337 1585 1394 smmi

222 1432 304 1518 Regi
318 1444 352 1499 et
366 1434 504 1499 consilio
519 1456 590 1514 suo,
610 1435 850 1521 conquerendo,
865 1435 976 1520 quod
967 1433 1032 1519 ipsi
1045 1433 1132 1498 inter
1146 1432 1226 1496 alios
1246 1400 1582 1528 fuerantfflm

222 1534 389 1619 depredati
404 1544 438 1601 et
451 1536 584 1620 injuste,
599 1536 985 1624 dicentes,“'quod1psi
1011 1557 1078 1599 non
1105 1536 1237 1599 fuerunt
1262 1529 1451 1600 contram

222 1634 308 1700 dicta
324 1645 448 1701 statuta
470 1637 511 1701 de
526 1636 690 1716 Oxonia,''
704 1647 739 1702 et
759 1639 925 1724 petierunt
946 1636 1009 1701 sibi
1032 1635 1196 1721 justitiam
1219 1635 1374 1702 exhiberi.

223 1735 322 1802 Quod
335 1736 480 1822 positum
496 1738 558 1802 fuit
578 1738 613 1801 in
636 1748 822 1826 respectum
846 1758 949 1824 usque
974 1739 1016 1802 cd
1042 1737 1238 1822 quindenam
1263 1736 1374 1804 Sancti

224 1838 407 1904 Michaelis.

267 1940 398 2019 Postea,
408 1940 551 2006 secunda
565 1940 617 2006 die
631 1951 708 2026 post
722 1943 843 2007 festum
855 1941 966 2008 Sancti
977 1940 1116 2019 Mathai,
1127 1955 1206 2006 tuuc
1217 1941 1373 2026 temporis
1386 1948 1568 2026 Palmum

223 2039 275 2104 die
293 2040 477 2122 Dominica,
489 2042 652 2107 Dominus
668 2043 750 2122 Rex,
760 2044 884 2128 Regina
892 2053 926 2108 et
934 2042 992 2106 filii
1000 2063 1112 2108 eorum
1123 2051 1157 2106 et
1168 2043 1373 2128 quamplures
1385 2019 1448 2061 Μ
1458 2014 1537 2078 ΒΨ·

222 2144 349 2209 nobiles
363 2145 454 2230 regui
467 2145 585 2230 Anglie
595 2147 896 2227 transfretaverunt,
910 2155 950 2210 ut
960 2155 1070 2211 esseut
1084 2146 1126 2210 ad
1137 2147 1373 2231 parlamentum

220 2248 319 2334 Regis
335 2249 469 2314 Francia
484 2250 571 2336 apud
585 2250 781 2331 Bononiam,
803 2249 860 2314 ubi
874 2250 1020 2314 locutum
1040 2249 1103 2313 fuit
1127 2249 1167 2314 de
1190 2251 1373 2335 peregrina-

219 2348 308 2414 tione
324 2371 383 2413 aua
402 2358 436 2413 et
450 2349 587 2415 aliorum
603 2351 914 2436 crucesignatorum
938 2350 973 2414 in
998 2350 1129 2414 Terram
1155 2349 1318 2430 Sanctam,
1340 2361 1375 2416 et

221 2452 262 2516 de
277 2452 488 2518 coronacione
502 2453 560 2518 filii
575 2455 625 2518 sui
649 2454 683 2519 in
700 2456 833 2541 Regem,
848 2452 1063 2518 existentibus
1078 2462 1157 2517 tunc
1171 2453 1293 2519 ibidem
1307 2455 1373 2520 lere

220 2554 372 2620 omnibus
388 2555 536 2620 Ducibus
551 2565 585 2620 et
593 2556 805 2643 Magnetibus
816 2555 1172 2645 Francie,Burguudic,
1184 2555 1373 2643 Campania,

220 2665 255 2722 et
269 2657 463 2743 Hispannie.

306 2760 448 2825 Thomas
464 2761 505 2826 de
521 2761 638 2825 Forda.

308 2861 484 2946 Gregorius
499 2862 540 2926 de
556 2861 708 2926 Rolresle.

264 2962 340 3027 Hoc
368 2985 465 3043 anno,
496 2962 549 3028 die
577 2971 655 3048 post
687 2959 831 3027 Octabas
862 2960 974 3026 Sancti
998 2959 1182 3040 Michaelis,
1207 2961 1371 3027 Dominus

220 3064 292 3128 Rex
315 3064 443 3129 rediens
474 3065 514 3129 de
543 3064 694 3129 Bononia
721 3063 813 3130 veuit
841 3063 875 3128 io
904 3062 1066 3147 Angliam,
1095 3074 1140 3142 et,
1162 3072 1289 3204 postea,
1317 3063 1370 3130 die

219 3164 356 3229 Veneris
369 3166 461 3231 venit
474 3165 667 3231 Londouiis.

262 3265 514 3332 Memoraudum
514 3268 629 3352 ,quod
643 3289 718 3332 cum
732 3288 792 3353 per
813 3267 923 3353 plures
943 3289 1047 3332 annos
1063 3265 1231 3332 contentio
1253 3267 1370 3335 luisset

216 3367 303 3433 inter
327 3366 489 3434 Abbatem
511 3369 795 3434 Westmcnasterii
820 3379 855 3434 et
881 3369 978 3434 Cives
1000 3368 1245 3433 Londoniarum
1271 3391 1369 3455 super

217 3469 412 3556 quibusdam
440 3471 654 3550 libertatibus,
689 3493 769 3557 quas
809 3470 916 3536 dictus
944 3469 1056 3535 Abbaa
1093 3492 1152 3556 per
1194 3473 1366 3557 quamdam

215 3583 348 3653 cartam,
362 3595 382 3637 a
396 3574 541 3639 Domino
557 3574 645 3659 Rege
659 3574 874 3659 impetratam,
890 3573 1039 3659 exigebat
1060 3573 1095 3637 in
1111 3573 1278 3639 Comitatu
1300 3575 1368 3638 Mi·

215 3677 376 3758 delsexie3
405 3678 549 3759 tandem,
571 3679 635 3743 hoc
656 3700 743 3742 anno
770 3676 822 3741 die
848 3677 966 3741 Martis
988 3686 1065 3761 post
1088 3675 1231 3742 Octabas
1255 3678 1367 3743 Sancti

215 3779 397 3856 Michaelis,
413 3781 499 3846 dicta
513 3781 683 3847 contencio
697 3780 739 3844 ad
755 3780 939 3846 Scacarium
964 3779 1099 3844 Domini
1123 3780 1233 3865 Regis,
1256 3801 1365 3846 coram

215 3879 364 3945 Gilberto
379 3881 420 3946 de
436 3882 584 3962 Preston,
598 3881 794 3962 Justitiario,
808 3881 976 3967 perbreve
991 3880 1089 3967 Regis
1104 3880 1144 3945 ad
1159 3882 1223 3946 hoc
1241 3882 1364 3966 specia-

215 3981 289 4044 liter
303 3979 450 4061 missum,
465 3993 499 4048 et
513 4006 622 4049 coram
635 3982 812 4049 baronibus
830 3983 871 4047 de
888 3982 1036 4047 Scacario
1052 4002 1111 4068 per
1129 3981 1293 4066 judicium
1302 3981 1365 4046 fuit

215 4081 397 4148 terminata.
442 4085 540 4166 Nam,
554 4108 613 4172 per
625 4087 826 4152 veredietum
842 4085 1014 4150 duodecim
1031 4083 1171 4148 militum
1182 4085 1365 4168 juratorum

259 4203 373 4248 cauo.
397 4203 473 4250 soc.
1094 4205 1106 4248 1
