3930 5088
342 3901 460 3962 Quornodo
473 3899 537 3948 then

339 3967 420 4014 retenti
429 3973 483 4012 sunt
493 3965 521 4010 is

340 4033 420 4079 Castro
429 4031 456 4078 ds
472 4029 538 4076 win-

339 4096 447 4144 dlutm.

569 599 608 675 73
928 619 1086 666 escures
1109 620 1288 669 usronuu
1312 625 1357 669 ev

565 771 648 837 dixit
669 771 716 836 eis
738 771 845 836 dictus
863 773 1020 858 Rogems,
1040 777 1063 810 “
1073 771 1100 837 si
1114 772 1237 839 vellent
1255 775 1364 842 venire
1385 776 1428 840 ad
1448 797 1562 862 pscem
1582 779 1722 847 Domini

566 874 676 960 Regis,
691 883 856 960 oporteret
870 876 957 960 quod
979 875 1042 960 ipsi
1059 897 1094 940 se
1109 875 1309 961 subjicerent
1322 879 1458 945 omnino
1468 882 1630 948 voluntati
1647 885 1722 950 Do-

563 977 642 1042 mini
659 976 757 1062 Regia
772 976 813 1041 de
827 976 895 1040 vita
908 985 942 1041 et
956 976 1110 1042 membris
1125 986 1160 1042 et
1173 978 1327 1044 omnibus
1347 980 1521 1048 mobilibus
1545 994 1580 1050 et
1598 986 1719 1052 immo-

562 1079 718 1145 bilibus.'’
762 1077 860 1144 Cives
879 1099 956 1142 vero
967 1077 1080 1144 adhoc
1094 1078 1294 1165 prebuerunt
1313 1103 1493 1165 msenaum,
1516 1095 1550 1150 et
1571 1087 1718 1156 fecerunt

564 1182 634 1248 fieri
648 1182 771 1248 litteres
785 1189 945 1268 petentes,
961 1179 1064 1266 sigillo
1076 1180 1330 1248 communitatis
1346 1184 1498 1270 signatas,
1513 1211 1593 1274 quas
1609 1192 1714 1259 dictiue

565 1287 711 1371 Rogerus
725 1283 802 1348 tulit
814 1304 925 1350 secum
939 1283 1086 1348 Domino
1102 1284 1184 1369 Regi
1198 1285 1287 1371 apud
1302 1286 1558 1356 windleshores.

607 1389 735 1466 Postea,
757 1385 810 1451 die
831 1385 968 1452 Veneris
991 1385 1139 1471 proxima
1152 1396 1230 1472 post
1252 1388 1373 1453 festum
1399 1389 1510 1458 Sancti
1532 1394 1714 1478 Michaelis,

562 1491 653 1557 venit
670 1489 757 1554 idem
774 1489 919 1576 Rogerus
940 1488 1132 1569 Londoniis,
1149 1497 1184 1553 et
1204 1488 1239 1553 in
1262 1489 1402 1556 crustum
1424 1497 1560 1562 accessit
1579 1499 1622 1562 ad
1642 1521 1716 1585 pre-

562 1593 682 1658 dictam
697 1591 885 1671 eeclesiam
901 1589 1009 1654 Maior
1022 1609 1099 1654 vere
1117 1599 1152 1655 et
1172 1589 1269 1656 Cives
1281 1607 1504 1662 convenerunt
1523 1598 1580 1679 ibi,
1595 1601 1713 1686 quibus

561 1695 633 1780 ipse
662 1695 808 1782 Rogerus
837 1693 920 1760 dixit
948 1693 1035 1778 quod
1064 1693 1227 1758 Dominus
1257 1696 1328 1758 Rex
1358 1697 1460 1763 voluit
1489 1703 1577 1786 quod
1599 1724 1713 1770 omnes

563 1808 685 1878 satane,
700 1820 762 1884 que
773 1798 856 1862 facte
869 1798 998 1862 fuerant
1012 1817 1053 1861 ex
1066 1803 1250 1860 transverso
1272 1797 1428 1878 vicorum,
1443 1801 1582 1868 huissent
1595 1815 1713 1886 emote,

563 1912 597 1968 et
610 1923 724 1967 omnes
738 1909 861 1987 postes,
875 1898 993 1985 quibus
1008 1898 1094 1963 dicte
1106 1909 1219 1964 catene
1233 1899 1406 1966 attschiatc
1420 1902 1562 1983 fuerunt,
1576 1903 1715 1972 fuissem

562 2004 739 2082 irradicste‚
754 2012 788 2067 et
801 2023 916 2068 omnes
930 2001 1018 2087 apud
1031 2001 1160 2066 Turrim
1183 2002 1372 2088 deportate3
1394 2013 1429 2069 et
1450 2003 1497 2070 sic
1515 2005 1637 2073 iactmn
1650 2010 1714 2074 fuit

562 2118 686 2195 postea.

605 2209 720 2275 Voluit
729 2209 827 2274 etiam
839 2207 1002 2274 Dominus
1014 2208 1096 2287 Rex,
1111 2207 1200 2293 quod
1214 2206 1324 2272 Maior
1338 2216 1372 2272 et
1387 2205 1559 2294 Magnetes
1574 2210 1712 2278 civitatis

562 2313 730 2378 venissent
749 2311 791 2374 ad
813 2331 888 2374 eum
909 2311 996 2397 opud
1010 2309 1258 2374 windleshores
1279 2310 1321 2373 ad
1343 2310 1600 2376 confirmandum
1625 2317 1712 2400 quod

564 2413 789 2482 continebatur
816 2412 851 2477 in
872 2411 1026 2498 predictis
1047 2411 1161 2476 literis.
1204 2411 1294 2477 'lulis
1315 2410 1413 2476 etism
1436 2413 1543 2479 dictus
1567 2415 1712 2502 Rogerus

563 2515 671 2584 literas
686 2515 821 2582 Domini
836 2514 1092 2600 Regispeteutes
1102 2515 1143 2579 de
1152 2515 1316 2580 conductu
1331 2513 1451 2580 Maiori
1465 2524 1499 2580 et
1513 2515 1660 2598 Civibus,
1673 2530 1713 2585 ut

562 2619 626 2706 ipsi
640 2628 777 2706 possent
791 2639 901 2684 secure
914 2615 1025 2682 venire
1040 2617 1127 2702 apud
1136 2616 1395 2698 windleshores,
1409 2617 1499 2683 selvo
1514 2621 1666 2686 veniendi
1676 2632 1711 2688 et

562 2724 684 2790 ibidem
705 2722 853 2788 morandi
871 2729 906 2786 et
930 2719 1098 2799 redeundi,
1114 2741 1218 2805 usque
1240 2721 1282 2784 ad
1300 2721 1387 2785 diem
1409 2721 1505 2786 Lune
1526 2726 1711 2808 proximum

564 2837 753 2914 sequentem
767 2834 801 2890 et
814 2846 873 2910 per
886 2831 994 2888 totum
1016 2821 1199 2909 predictum
1221 2823 1308 2888 diem
1332 2822 1437 2888 Lune.
1484 2824 1583 2890 Unde
1598 2827 1712 2892 eodem

563 2929 616 2994 die
632 2928 740 2993 Maior
747 2936 782 2992 et
792 2927 875 2991 circs
889 2924 1101 3010 quadraginta
1115 2923 1176 2990 viri
1194 2923 1234 2989 de
1245 2923 1455 2989 validioribus
1471 2925 1622 2992 Civitatis
1636 2950 1712 3014 pro-

562 3031 638 3096 fecti
653 3040 731 3094 sunt
746 3028 904 3113 usquead
919 3027 1046 3094 Stanes.

605 3133 646 3196 ln
658 3130 798 3195 crastino
808 3151 898 3206 vero,
909 3129 1031 3194 scilicet
1044 3129 1097 3193 die
1111 3127 1294 3208 Dominicis,
1306 3129 1552 3214 expectantibus
1570 3129 1706 3197 Civibus

561 3235 738 3298 adventum
763 3229 842 3293 dicti
867 3229 986 3314 Rogeri
1010 3250 1114 3315 usque
1143 3230 1184 3294 ed
1210 3231 1324 3295 horem
1350 3231 1490 3312 tertiam,
1511 3234 1603 3298 venit
1627 3235 1708 3322 ipse,

561 3355 658 3421 quem
674 3329 776 3396 secuti
796 3339 873 3394 aunt
888 3330 996 3396 Maior
1011 3341 1045 3398 et
1059 3331 1156 3397 Cives
1171 3353 1275 3417 usque
1288 3333 1553 3400 windleshores:
1577 3358 1642 3422 quo
1660 3338 1710 3402 in-

562 3444 666 3503 trante
681 3433 715 3498 in
729 3431 920 3517 Castellum,
932 3434 1030 3500 Cives
1044 3444 1269 3499 remanserunt
1283 3445 1486 3522 exitumque
1495 3439 1537 3502 ad
1547 3460 1709 3523 vesperes.

561 3543 654 3606 runc
668 3537 831 3603 Dominus
847 3540 918 3603 Rex
932 3538 1009 3603 iecit
1029 3537 1238 3623 proclamare,
1248 3558 1291 3602 ne
1306 3537 1421 3623 aliquis
1432 3539 1536 3620 miles,
1553 3541 1707 3623 serviens,

560 3665 621 3709 nec
637 3641 751 3726 aliquis
762 3641 843 3705 alius
855 3641 995 3725 aliquam
1012 3639 1243 3704 coutumeliam
1262 3639 1368 3705 dicere
1382 3641 1435 3705 vel
1451 3641 1555 3706 iecere
1571 3643 1707 3708 Civibus

561 3751 795 3834 presumerent,
810 3743 886 3828 quia
900 3742 963 3829 ipsi
978 3742 1085 3807 vocati
1099 3741 1232 3806 fuerunt
1246 3742 1287 3806 ad
1301 3763 1414 3828 pacem
1429 3744 1565 3808 Domini
1583 3743 1694 3831 Regis.

605 3849 723 3913 Postee
737 3843 828 3909 missi
848 3852 925 3907 sunt
939 3865 980 3906 ex
994 3851 1086 3928 purte
1108 3841 1243 3908 Domini
1265 3843 1363 3928 Regis
1381 3843 1487 3909 dictus
1503 3845 1660 3930 Rogerus,
1675 3857 1710 3914 et

562 3950 712 4017 dominus
722 3946 886 4012 Robertus
897 3945 1071 4010 welmven
1086 3943 1198 4024 etalii,
1213 3945 1357 4010 dicentes
1373 3945 1493 4010 Maiori
1514 3957 1548 4012 et
1560 3947 1707 4029 Civibus,

561 4053 648 4141 quod
669 4053 740 4116 Rex
761 4071 828 4114 non
850 4049 913 4114 fuit
934 4059 1013 4114 tunc
1033 4047 1189 4133 temporis
1212 4047 1391 4126 consultus,
1406 4057 1444 4113 ut
1464 4048 1639 4114 declararet
1660 4052 1708 4116 eis

560 4160 761 4224 voluntatem
784 4175 897 4232 suem3
920 4153 977 4218 sed
998 4151 1174 4216 intrassent
1194 4149 1229 4214 in
1248 4149 1439 4230 Castellum,
1454 4159 1487 4215 et
1508 4150 1543 4215 in
1565 4153 1706 4219 mustino
