<?xml version="1.0" encoding="UTF-8"?>
<!DOCTYPE html PUBLIC "-//W3C//DTD XHTML 1.0 Transitional//EN"
    "http://www.w3.org/TR/xhtml1/DTD/xhtml1-transitional.dtd">
<html xmlns="http://www.w3.org/1999/xhtml" xml:lang="en" lang="en">
 <head>
  <title>
</title>
<meta http-equiv="Content-Type" content="text/html;charset=utf-8" />
  <meta name='ocr-system' content='tesseract 3.04.00' />
  <meta name='ocr-capabilities' content='ocr_page ocr_carea ocr_par ocr_line ocrx_word'/>
</head>
<body>
  <div class='ocr_page' id='page_1' title='image "./deantiquislegib02fitzgoog_0420.png"; bbox 0 0 3930 5088; ppageno 0'>
   <div class='ocr_carea' id='block_1_1' title="bbox 534 549 1334 606">
    <p class='ocr_par' dir='ltr' id='par_1_1' title="bbox 534 549 1334 606">
     <span class='ocr_line' id='line_1_1' title="bbox 534 549 1334 606; baseline -0.009 0"><span class='ocrx_word' id='word_1_1' title='bbox 534 549 593 606; x_wconf 77' lang='lat'><strong>144</strong></span> <span class='ocrx_word' id='word_1_2' title='bbox 900 559 1061 605; x_wconf 70' lang='lat' dir='ltr'><strong>onorsron</strong></span> <span class='ocrx_word' id='word_1_3' title='bbox 1086 557 1261 602; x_wconf 71' lang='lat' dir='ltr'><strong>aaronque</strong></span> <span class='ocrx_word' id='word_1_4' title='bbox 1289 557 1334 601; x_wconf 78' lang='lat' dir='ltr'><strong>nr·</strong></span> 
     </span>
    </p>
   </div>
   <div class='ocr_carea' id='block_1_2' title="bbox 463 708 1690 3147">
    <p class='ocr_par' dir='ltr' id='par_1_2' title="bbox 463 708 1679 1210">
     <span class='ocr_line' id='line_1_2' title="bbox 572 708 1678 797; baseline -0.005 -19"><span class='ocrx_word' id='word_1_5' title='bbox 572 714 671 778; x_wconf 82' lang='lat' dir='ltr'><strong>Anno</strong></span> <span class='ocrx_word' id='word_1_6' title='bbox 687 710 924 797; x_wconf 81' lang='lat' dir='ltr'><strong>septuagesimo</strong></span> <span class='ocrx_word' id='word_1_7' title='bbox 940 711 1083 777; x_wconf 85' lang='lat' dir='ltr'><strong>secundo</strong></span> <span class='ocrx_word' id='word_1_8' title='bbox 1097 708 1283 795; x_wconf 76' lang='lat' dir='ltr'><strong>incipiente,</strong></span> <span class='ocrx_word' id='word_1_9' title='bbox 1298 709 1332 773; x_wconf 96' lang='lat' dir='ltr'><strong>in</strong></span> <span class='ocrx_word' id='word_1_10' title='bbox 1342 709 1536 776; x_wconf 85' lang='lat' dir='ltr'><strong>finemensis</strong></span> <span class='ocrx_word' id='word_1_11' title='bbox 1552 709 1678 788; x_wconf 89' lang='lat' dir='ltr'><strong>Martii,</strong></span> 
     </span>
     <span class='ocr_line' id='line_1_3' title="bbox 463 811 1679 894; baseline -0.003 -13"><span class='ocrx_word' id='word_1_12' title='bbox 463 863 469 881; x_wconf 90' lang='lat'><em>.</em></span> <span class='ocrx_word' id='word_1_13' title='bbox 531 816 614 884; x_wconf 93' lang='lat' dir='ltr'><strong>obiit</strong></span> <span class='ocrx_word' id='word_1_14' title='bbox 629 815 799 892; x_wconf 84' lang='lat' dir='ltr'><strong>Ricardus,</strong></span> <span class='ocrx_word' id='word_1_15' title='bbox 814 815 885 880; x_wconf 85' lang='lat' dir='ltr'><strong>Rex</strong></span> <span class='ocrx_word' id='word_1_16' title='bbox 900 813 1091 879; x_wconf 84' lang='lat' dir='ltr'><strong>Alamannia</strong></span> <span class='ocrx_word' id='word_1_17' title='bbox 1109 823 1144 878; x_wconf 91' lang='lat' dir='ltr'><strong>et</strong></span> <span class='ocrx_word' id='word_1_18' title='bbox 1165 811 1285 878; x_wconf 85' lang='lat' dir='ltr'><strong>Comes</strong></span> <span class='ocrx_word' id='word_1_19' title='bbox 1301 811 1478 894; x_wconf 78' lang='lat' dir='ltr'><strong>cornubie,</strong></span> <span class='ocrx_word' id='word_1_20' title='bbox 1495 813 1593 878; x_wconf 80' lang='lat' dir='ltr'><strong>frater</strong></span> <span class='ocrx_word' id='word_1_21' title='bbox 1607 813 1679 877; x_wconf 92' lang='lat' dir='ltr'><strong>Do·</strong></span> 
     </span>
     <span class='ocr_line' id='line_1_4' title="bbox 532 915 1679 1002; baseline -0.007 -16"><span class='ocrx_word' id='word_1_22' title='bbox 532 918 613 986; x_wconf 90' lang='lat' dir='ltr'><strong>mini</strong></span> <span class='ocrx_word' id='word_1_23' title='bbox 628 917 763 983; x_wconf 88' lang='lat' dir='ltr'><strong>Henrici</strong></span> <span class='ocrx_word' id='word_1_24' title='bbox 780 916 878 1002; x_wconf 81' lang='lat' dir='ltr'><strong>Regis</strong></span> <span class='ocrx_word' id='word_1_25' title='bbox 893 916 1020 1002; x_wconf 58' lang='lat' dir='ltr'><strong>cinglio,</strong></span> <span class='ocrx_word' id='word_1_26' title='bbox 1035 937 1121 980; x_wconf 86' lang='lat' dir='ltr'><strong>anuo</strong></span> <span class='ocrx_word' id='word_1_27' title='bbox 1135 915 1355 980; x_wconf 87' lang='lat' dir='ltr'><strong>coronationis</strong></span> <span class='ocrx_word' id='word_1_28' title='bbox 1371 938 1430 981; x_wconf 87' lang='lat' dir='ltr'><strong>sue</strong></span> <span class='ocrx_word' id='word_1_29' title='bbox 1451 938 1505 980; x_wconf 83' lang='lat' dir='ltr'><strong>xv.</strong></span> <span class='ocrx_word' id='word_1_30' title='bbox 1520 927 1555 980; x_wconf 89' lang='lat' dir='ltr'><strong>et</strong></span> <span class='ocrx_word' id='word_1_31' title='bbox 1568 915 1679 1000; x_wconf 88' lang='lat' dir='ltr'><strong>sepul-</strong></span> 
     </span>
     <span class='ocr_line' id='line_1_5' title="bbox 531 1017 1679 1104; baseline -0.005 -16"><span class='ocrx_word' id='word_1_32' title='bbox 531 1031 586 1088; x_wconf 87' lang='lat' dir='ltr'><strong>tus</strong></span> <span class='ocrx_word' id='word_1_33' title='bbox 612 1030 663 1086; x_wconf 87' lang='lat' dir='ltr'><strong>est</strong></span> <span class='ocrx_word' id='word_1_34' title='bbox 687 1019 721 1084; x_wconf 92' lang='lat' dir='ltr'><strong>in</strong></span> <span class='ocrx_word' id='word_1_35' title='bbox 745 1018 910 1086; x_wconf 79' lang='lat' dir='ltr'><strong>Abbathia</strong></span> <span class='ocrx_word' id='word_1_36' title='bbox 935 1018 1095 1084; x_wconf 86' lang='lat' dir='ltr'><strong>Albcrum</strong></span> <span class='ocrx_word' id='word_1_37' title='bbox 1121 1017 1337 1082; x_wconf 83' lang='lat' dir='ltr'><strong>Monacorum</strong></span> <span class='ocrx_word' id='word_1_38' title='bbox 1361 1018 1402 1083; x_wconf 94' lang='lat' dir='ltr'><strong>de</strong></span> <span class='ocrx_word' id='word_1_39' title='bbox 1425 1019 1560 1104; x_wconf 84' lang='lat' dir='ltr'><strong>Heyles,</strong></span> <span class='ocrx_word' id='word_1_40' title='bbox 1581 1041 1679 1104; x_wconf 88' lang='lat' dir='ltr'><strong>quam</strong></span> 
     </span>
     <span class='ocr_line' id='line_1_6' title="bbox 533 1125 855 1210; baseline -0.012 -20"><span class='ocrx_word' id='word_1_41' title='bbox 533 1125 605 1210; x_wconf 89' lang='lat' dir='ltr'><strong>ipse</strong></span> <span class='ocrx_word' id='word_1_42' title='bbox 619 1131 855 1188; x_wconf 84' lang='lat' dir='ltr'><strong>construxerat</strong></span> 
     </span>
    </p>

    <p class='ocr_par' dir='ltr' id='par_1_3' title="bbox 533 1217 1681 1720">
     <span class='ocr_line' id='line_1_7' title="bbox 578 1217 1678 1305; baseline -0.007 -13"><span class='ocrx_word' id='word_1_43' title='bbox 578 1228 619 1292; x_wconf 89' lang='lat' dir='ltr'><strong>In</strong></span> <span class='ocrx_word' id='word_1_44' title='bbox 640 1225 755 1291; x_wconf 87' lang='lat' dir='ltr'><strong>eodem</strong></span> <span class='ocrx_word' id='word_1_45' title='bbox 777 1245 888 1289; x_wconf 88' lang='lat' dir='ltr'><strong>mense</strong></span> <span class='ocrx_word' id='word_1_46' title='bbox 913 1227 1073 1287; x_wconf 87' lang='lat' dir='ltr'><strong>venerant</strong></span> <span class='ocrx_word' id='word_1_47' title='bbox 1095 1237 1242 1282; x_wconf 87' lang='lat' dir='ltr'><strong>rumores</strong></span> <span class='ocrx_word' id='word_1_48' title='bbox 1260 1217 1452 1300; x_wconf 85' lang='lat' dir='ltr'><strong>Londoniis,</strong></span> <span class='ocrx_word' id='word_1_49' title='bbox 1467 1221 1554 1305; x_wconf 89' lang='lat' dir='ltr'><strong>quod</strong></span> <span class='ocrx_word' id='word_1_50' title='bbox 1574 1241 1678 1284; x_wconf 85' lang='lat' dir='ltr'><strong>novus</strong></span> 
     </span>
     <span class='ocr_line' id='line_1_8' title="bbox 535 1321 1679 1415; baseline -0.009 -21"><span class='ocrx_word' id='word_1_51' title='bbox 535 1331 622 1415; x_wconf 83' lang='lat' dir='ltr'><strong>Papa</strong></span> <span class='ocrx_word' id='word_1_52' title='bbox 637 1339 762 1394; x_wconf 85' lang='lat' dir='ltr'><strong>creatus</strong></span> <span class='ocrx_word' id='word_1_53' title='bbox 777 1326 840 1392; x_wconf 77' lang='lat' dir='ltr'><strong>suit</strong></span> <span class='ocrx_word' id='word_1_54' title='bbox 860 1324 949 1410; x_wconf 82' lang='lat' dir='ltr'><strong>apud</strong></span> <span class='ocrx_word' id='word_1_55' title='bbox 974 1323 1123 1399; x_wconf 81' lang='lat' dir='ltr'><strong>Romam,</strong></span> <span class='ocrx_word' id='word_1_56' title='bbox 1145 1341 1221 1385; x_wconf 88' lang='lat' dir='ltr'><strong>cum</strong></span> <span class='ocrx_word' id='word_1_57' title='bbox 1244 1321 1338 1385; x_wconf 84' lang='lat' dir='ltr'><strong>sedes</strong></span> <span class='ocrx_word' id='word_1_58' title='bbox 1359 1321 1483 1407; x_wconf 84' lang='lat' dir='ltr'><strong>papalis</strong></span> <span class='ocrx_word' id='word_1_59' title='bbox 1504 1333 1599 1387; x_wconf 86' lang='lat' dir='ltr'><strong>antea</strong></span> <span class='ocrx_word' id='word_1_60' title='bbox 1617 1323 1679 1386; x_wconf 87' lang='lat' dir='ltr'><strong>fuit</strong></span> 
     </span>
     <span class='ocr_line' id='line_1_9' title="bbox 533 1422 1680 1516; baseline -0.01 -18"><span class='ocrx_word' id='word_1_61' title='bbox 533 1453 635 1498; x_wconf 80' lang='lat' dir='ltr'><strong>vacua</strong></span> <span class='ocrx_word' id='word_1_62' title='bbox 649 1452 707 1516; x_wconf 89' lang='lat' dir='ltr'><strong>per</strong></span> <span class='ocrx_word' id='word_1_63' title='bbox 721 1439 786 1494; x_wconf 75' lang='lat' dir='ltr'><strong>tres</strong></span> <span class='ocrx_word' id='word_1_64' title='bbox 802 1449 905 1493; x_wconf 87' lang='lat' dir='ltr'><strong>annos</strong></span> <span class='ocrx_word' id='word_1_65' title='bbox 929 1435 963 1490; x_wconf 92' lang='lat' dir='ltr'><strong>et</strong></span> <span class='ocrx_word' id='word_1_66' title='bbox 984 1422 1135 1508; x_wconf 81' lang='lat' dir='ltr'><strong>amplius.</strong></span> <span class='ocrx_word' id='word_1_67' title='bbox 1178 1422 1246 1489; x_wconf 74' lang='lat' dir='ltr'><strong>bui</strong></span> <span class='ocrx_word' id='word_1_68' title='bbox 1266 1444 1344 1488; x_wconf 86' lang='lat' dir='ltr'><strong>vero</strong></span> <span class='ocrx_word' id='word_1_69' title='bbox 1365 1423 1453 1508; x_wconf 87' lang='lat' dir='ltr'><strong>Papa</strong></span> <span class='ocrx_word' id='word_1_70' title='bbox 1474 1433 1608 1488; x_wconf 85' lang='lat' dir='ltr'><strong>vocatus</strong></span> <span class='ocrx_word' id='word_1_71' title='bbox 1630 1434 1680 1488; x_wconf 84' lang='lat' dir='ltr'><strong>est</strong></span> 
     </span>
     <span class='ocr_line' id='line_1_10' title="bbox 536 1523 1681 1620; baseline -0.011 -18"><span class='ocrx_word' id='word_1_72' title='bbox 536 1533 724 1620; x_wconf 82' lang='lat' dir='ltr'><strong>Gregorius,</strong></span> <span class='ocrx_word' id='word_1_73' title='bbox 739 1531 885 1618; x_wconf 88' lang='lat' dir='ltr'><strong>ejusdem</strong></span> <span class='ocrx_word' id='word_1_74' title='bbox 904 1527 1038 1594; x_wconf 90' lang='lat' dir='ltr'><strong>nomine</strong></span> <span class='ocrx_word' id='word_1_75' title='bbox 1059 1547 1144 1611; x_wconf 88' lang='lat' dir='ltr'><strong>papa</strong></span> <span class='ocrx_word' id='word_1_76' title='bbox 1165 1523 1322 1605; x_wconf 87' lang='lat' dir='ltr'><strong>decimus,</strong></span> <span class='ocrx_word' id='word_1_77' title='bbox 1344 1535 1550 1590; x_wconf 82' lang='lat' dir='ltr'><strong>consecratus</strong></span> <span class='ocrx_word' id='word_1_78' title='bbox 1565 1527 1610 1611; x_wconf 90' lang='lat' dir='ltr'><strong>vj.</strong></span> <span class='ocrx_word' id='word_1_79' title='bbox 1624 1527 1681 1590; x_wconf 84' lang='lat' dir='ltr'><strong>ka·</strong></span> 
     </span>
     <span class='ocr_line' id='line_1_11' title="bbox 535 1626 1342 1720; baseline -0.014 -19"><span class='ocrx_word' id='word_1_80' title='bbox 535 1636 648 1703; x_wconf 80' lang='lat' dir='ltr'><strong>lendes</strong></span> <span class='ocrx_word' id='word_1_81' title='bbox 662 1635 795 1720; x_wconf 76' lang='lat' dir='ltr'><strong>Aprilis,</strong></span> <span class='ocrx_word' id='word_1_82' title='bbox 810 1643 889 1698; x_wconf 87' lang='lat' dir='ltr'><strong>tunc</strong></span> <span class='ocrx_word' id='word_1_83' title='bbox 902 1628 1060 1715; x_wconf 85' lang='lat' dir='ltr'><strong>temporis</strong></span> <span class='ocrx_word' id='word_1_84' title='bbox 1075 1627 1144 1691; x_wconf 88' lang='lat' dir='ltr'><strong>dies</strong></span> <span class='ocrx_word' id='word_1_85' title='bbox 1159 1626 1342 1691; x_wconf 89' lang='lat' dir='ltr'><strong>Dominica.</strong></span> 
     </span>
    </p>

    <p class='ocr_par' dir='ltr' id='par_1_4' title="bbox 537 1729 1690 3147">
     <span class='ocr_line' id='line_1_12' title="bbox 582 1729 1681 1822; baseline -0.006 -18"><span class='ocrx_word' id='word_1_86' title='bbox 582 1737 657 1804; x_wconf 90' lang='lat' dir='ltr'><strong>Hoc</strong></span> <span class='ocrx_word' id='word_1_87' title='bbox 684 1759 770 1802; x_wconf 87' lang='lat' dir='ltr'><strong>anno</strong></span> <span class='ocrx_word' id='word_1_88' title='bbox 790 1746 869 1822; x_wconf 88' lang='lat' dir='ltr'><strong>post</strong></span> <span class='ocrx_word' id='word_1_89' title='bbox 892 1732 1017 1800; x_wconf 78' lang='lat' dir='ltr'><strong>Pascha</strong></span> <span class='ocrx_word' id='word_1_90' title='bbox 1038 1741 1198 1794; x_wconf 88' lang='lat' dir='ltr'><strong>venerunt</strong></span> <span class='ocrx_word' id='word_1_91' title='bbox 1220 1729 1327 1794; x_wconf 88' lang='lat' dir='ltr'><strong>nuntii</strong></span> <span class='ocrx_word' id='word_1_92' title='bbox 1348 1729 1440 1794; x_wconf 88' lang='lat' dir='ltr'><strong>missi</strong></span> <span class='ocrx_word' id='word_1_93' title='bbox 1464 1752 1485 1795; x_wconf 80' lang='lat' dir='ltr'><strong>a</strong></span> <span class='ocrx_word' id='word_1_94' title='bbox 1508 1730 1681 1797; x_wconf 84' lang='lat' dir='ltr'><strong>Comitissa</strong></span> 
     </span>
     <span class='ocr_line' id='line_1_13' title="bbox 539 1833 1682 1922; baseline -0.006 -15"><span class='ocrx_word' id='word_1_95' title='bbox 539 1841 690 1908; x_wconf 84' lang='lat' dir='ltr'><strong>Flandrie</strong></span> <span class='ocrx_word' id='word_1_96' title='bbox 706 1842 746 1906; x_wconf 82' lang='lat' dir='ltr'><strong>ad</strong></span> <span class='ocrx_word' id='word_1_97' title='bbox 761 1839 943 1906; x_wconf 90' lang='lat' dir='ltr'><strong>Dominum</strong></span> <span class='ocrx_word' id='word_1_98' title='bbox 959 1837 1093 1922; x_wconf 81' lang='lat' dir='ltr'><strong>Regem,</strong></span> <span class='ocrx_word' id='word_1_99' title='bbox 1109 1833 1264 1911; x_wconf 89' lang='lat' dir='ltr'><strong>dicentes,</strong></span> <span class='ocrx_word' id='word_1_100' title='bbox 1278 1833 1366 1918; x_wconf 87' lang='lat' dir='ltr'><strong>quod</strong></span> <span class='ocrx_word' id='word_1_101' title='bbox 1381 1833 1452 1917; x_wconf 86' lang='lat' dir='ltr'><strong>ipsa</strong></span> <span class='ocrx_word' id='word_1_102' title='bbox 1473 1835 1544 1900; x_wconf 89' lang='lat' dir='ltr'><strong>vult</strong></span> <span class='ocrx_word' id='word_1_103' title='bbox 1559 1837 1682 1900; x_wconf 77' lang='lat' dir='ltr'><strong>satisfa-</strong></span> 
     </span>
     <span class='ocr_line' id='line_1_14' title="bbox 537 1934 1680 2020; baseline -0.007 -8"><span class='ocrx_word' id='word_1_104' title='bbox 537 1966 610 2012; x_wconf 85' lang='lat' dir='ltr'><strong>ccre</strong></span> <span class='ocrx_word' id='word_1_105' title='bbox 632 1943 783 2009; x_wconf 90' lang='lat' dir='ltr'><strong>omnibus</strong></span> <span class='ocrx_word' id='word_1_106' title='bbox 799 1938 1032 2008; x_wconf 76' lang='lat' dir='ltr'><strong>mercatoribus</strong></span> <span class='ocrx_word' id='word_1_107' title='bbox 1047 1934 1136 2020; x_wconf 87' lang='lat' dir='ltr'><strong>regni</strong></span> <span class='ocrx_word' id='word_1_108' title='bbox 1159 1935 1210 2000; x_wconf 91' lang='lat' dir='ltr'><strong>sui</strong></span> <span class='ocrx_word' id='word_1_109' title='bbox 1232 1936 1273 2002; x_wconf 85' lang='lat' dir='ltr'><strong>de</strong></span> <span class='ocrx_word' id='word_1_110' title='bbox 1296 1936 1448 2001; x_wconf 90' lang='lat' dir='ltr'><strong>omnibus</strong></span> <span class='ocrx_word' id='word_1_111' title='bbox 1468 1937 1564 2002; x_wconf 87' lang='lat' dir='ltr'><strong>bonis</strong></span> <span class='ocrx_word' id='word_1_112' title='bbox 1579 1951 1612 2005; x_wconf 88' lang='lat' dir='ltr'><strong>et</strong></span> <span class='ocrx_word' id='word_1_113' title='bbox 1631 1961 1680 2004; x_wconf 82' lang='lat' dir='ltr'><strong>ca·</strong></span> 
     </span>
     <span class='ocr_line' id='line_1_15' title="bbox 538 2039 1682 2132; baseline -0.006 -19"><span class='ocrx_word' id='word_1_114' title='bbox 538 2047 623 2113; x_wconf 88' lang='lat' dir='ltr'><strong>tallis</strong></span> <span class='ocrx_word' id='word_1_115' title='bbox 638 2067 701 2132; x_wconf 91' lang='lat' dir='ltr'><strong>que</strong></span> <span class='ocrx_word' id='word_1_116' title='bbox 716 2053 810 2129; x_wconf 83' lang='lat' dir='ltr'><strong>capta</strong></span> <span class='ocrx_word' id='word_1_117' title='bbox 824 2044 956 2107; x_wconf 82' lang='lat' dir='ltr'><strong>fuerunt</strong></span> <span class='ocrx_word' id='word_1_118' title='bbox 979 2040 1013 2104; x_wconf 93' lang='lat' dir='ltr'><strong>in</strong></span> <span class='ocrx_word' id='word_1_119' title='bbox 1028 2049 1114 2104; x_wconf 84' lang='lat' dir='ltr'><strong>terra</strong></span> <span class='ocrx_word' id='word_1_120' title='bbox 1129 2061 1198 2120; x_wconf 85' lang='lat' dir='ltr'><strong>sua,</strong></span> <span class='ocrx_word' id='word_1_121' title='bbox 1213 2039 1298 2104; x_wconf 83' lang='lat' dir='ltr'><strong>sicut</strong></span> <span class='ocrx_word' id='word_1_122' title='bbox 1312 2050 1521 2125; x_wconf 81' lang='lat' dir='ltr'><strong>prenotatam</strong></span> <span class='ocrx_word' id='word_1_123' title='bbox 1537 2053 1609 2124; x_wconf 83' lang='lat' dir='ltr'><strong>eat3</strong></span> <span class='ocrx_word' id='word_1_124' title='bbox 1626 2043 1682 2108; x_wconf 77' lang='lat' dir='ltr'><strong>tali</strong></span> 
     </span>
     <span class='ocr_line' id='line_1_16' title="bbox 538 2141 1682 2231; baseline -0.003 -16"><span class='ocrx_word' id='word_1_125' title='bbox 538 2149 735 2226; x_wconf 88' lang='lat' dir='ltr'><strong>conditione,</strong></span> <span class='ocrx_word' id='word_1_126' title='bbox 750 2144 839 2231; x_wconf 86' lang='lat' dir='ltr'><strong>quod</strong></span> <span class='ocrx_word' id='word_1_127' title='bbox 852 2144 923 2230; x_wconf 88' lang='lat' dir='ltr'><strong>ipse</strong></span> <span class='ocrx_word' id='word_1_128' title='bbox 939 2143 1011 2206; x_wconf 80' lang='lat' dir='ltr'><strong>nex</strong></span> <span class='ocrx_word' id='word_1_129' title='bbox 1026 2141 1148 2226; x_wconf 86' lang='lat' dir='ltr'><strong>obliget</strong></span> <span class='ocrx_word' id='word_1_130' title='bbox 1170 2161 1205 2204; x_wconf 90' lang='lat' dir='ltr'><strong>se</strong></span> <span class='ocrx_word' id='word_1_131' title='bbox 1226 2163 1286 2227; x_wconf 87' lang='lat' dir='ltr'><strong>per</strong></span> <span class='ocrx_word' id='word_1_132' title='bbox 1306 2141 1429 2206; x_wconf 85' lang='lat' dir='ltr'><strong>litteras</strong></span> <span class='ocrx_word' id='word_1_133' title='bbox 1445 2164 1520 2208; x_wconf 85' lang='lat' dir='ltr'><strong>suas</strong></span> <span class='ocrx_word' id='word_1_134' title='bbox 1534 2155 1682 2230; x_wconf 88' lang='lat' dir='ltr'><strong>patentes</strong></span> 
     </span>
     <span class='ocr_line' id='line_1_17' title="bbox 539 2241 1682 2329; baseline -0.002 -14"><span class='ocrx_word' id='word_1_135' title='bbox 539 2251 582 2315; x_wconf 88' lang='lat' dir='ltr'><strong>ad</strong></span> <span class='ocrx_word' id='word_1_136' title='bbox 602 2247 793 2314; x_wconf 84' lang='lat' dir='ltr'><strong>solvendum</strong></span> <span class='ocrx_word' id='word_1_137' title='bbox 816 2246 846 2312; x_wconf 90' lang='lat' dir='ltr'><strong>ei</strong></span> <span class='ocrx_word' id='word_1_138' title='bbox 867 2245 1029 2311; x_wconf 89' lang='lat' dir='ltr'><strong>redditum</strong></span> <span class='ocrx_word' id='word_1_139' title='bbox 1053 2243 1140 2329; x_wconf 91' lang='lat' dir='ltr'><strong>quod</strong></span> <span class='ocrx_word' id='word_1_140' title='bbox 1165 2242 1237 2326; x_wconf 82' lang='lat' dir='ltr'><strong>ipss</strong></span> <span class='ocrx_word' id='word_1_141' title='bbox 1266 2241 1365 2326; x_wconf 86' lang='lat' dir='ltr'><strong>exigit</strong></span> <span class='ocrx_word' id='word_1_142' title='bbox 1390 2243 1430 2307; x_wconf 89' lang='lat' dir='ltr'><strong>ab</strong></span> <span class='ocrx_word' id='word_1_143' title='bbox 1451 2267 1502 2324; x_wconf 91' lang='lat' dir='ltr'><strong>eo,</strong></span> <span class='ocrx_word' id='word_1_144' title='bbox 1524 2257 1557 2311; x_wconf 88' lang='lat' dir='ltr'><strong>et</strong></span> <span class='ocrx_word' id='word_1_145' title='bbox 1585 2249 1682 2312; x_wconf 87' lang='lat' dir='ltr'><strong>etiam</strong></span> 
     </span>
     <span class='ocr_line' id='line_1_18' title="bbox 542 2341 1684 2434; baseline -0.004 -17"><span class='ocrx_word' id='word_1_146' title='bbox 542 2352 650 2418; x_wconf 87' lang='lat' dir='ltr'><strong>omnia</strong></span> <span class='ocrx_word' id='word_1_147' title='bbox 665 2349 774 2415; x_wconf 86' lang='lat' dir='ltr'><strong>debita</strong></span> <span class='ocrx_word' id='word_1_148' title='bbox 788 2371 850 2434; x_wconf 90' lang='lat' dir='ltr'><strong>que</strong></span> <span class='ocrx_word' id='word_1_149' title='bbox 864 2349 937 2433; x_wconf 90' lang='lat' dir='ltr'><strong>ipsa</strong></span> <span class='ocrx_word' id='word_1_150' title='bbox 952 2357 986 2412; x_wconf 86' lang='lat' dir='ltr'><strong>et</strong></span> <span class='ocrx_word' id='word_1_151' title='bbox 1006 2345 1131 2430; x_wconf 78' lang='lat' dir='ltr'><strong>Regina</strong></span> <span class='ocrx_word' id='word_1_152' title='bbox 1151 2363 1209 2408; x_wconf 88' lang='lat' dir='ltr'><strong>sua</strong></span> <span class='ocrx_word' id='word_1_153' title='bbox 1231 2341 1352 2408; x_wconf 90' lang='lat' dir='ltr'><strong>debent</strong></span> <span class='ocrx_word' id='word_1_154' title='bbox 1377 2345 1629 2414; x_wconf 85' lang='lat' dir='ltr'><strong>Flandrensibus</strong></span> <span class='ocrx_word' id='word_1_155' title='bbox 1650 2351 1684 2413; x_wconf 91' lang='lat' dir='ltr'><strong>in</strong></span> 
     </span>
     <span class='ocr_line' id='line_1_19' title="bbox 542 2445 1685 2538; baseline -0.003 -19"><span class='ocrx_word' id='word_1_156' title='bbox 542 2465 609 2520; x_wconf 88' lang='lat' dir='ltr'><strong>tres</strong></span> <span class='ocrx_word' id='word_1_157' title='bbox 624 2475 727 2518; x_wconf 87' lang='lat' dir='ltr'><strong>annos</strong></span> <span class='ocrx_word' id='word_1_158' title='bbox 741 2451 890 2537; x_wconf 85' lang='lat' dir='ltr'><strong>proximo</strong></span> <span class='ocrx_word' id='word_1_159' title='bbox 906 2457 1097 2534; x_wconf 84' lang='lat' dir='ltr'><strong>sequentes3</strong></span> <span class='ocrx_word' id='word_1_160' title='bbox 1120 2456 1154 2511; x_wconf 91' lang='lat' dir='ltr'><strong>et</strong></span> <span class='ocrx_word' id='word_1_161' title='bbox 1176 2445 1238 2509; x_wconf 90' lang='lat' dir='ltr'><strong>nisi</strong></span> <span class='ocrx_word' id='word_1_162' title='bbox 1257 2447 1378 2526; x_wconf 85' lang='lat' dir='ltr'><strong>fecerit,</strong></span> <span class='ocrx_word' id='word_1_163' title='bbox 1400 2452 1487 2534; x_wconf 92' lang='lat' dir='ltr'><strong>quod</strong></span> <span class='ocrx_word' id='word_1_164' title='bbox 1513 2451 1566 2516; x_wconf 83' lang='lat' dir='ltr'><strong>illu</strong></span> <span class='ocrx_word' id='word_1_165' title='bbox 1581 2454 1685 2538; x_wconf 88' lang='lat' dir='ltr'><strong>possit</strong></span> 
     </span>
     <span class='ocr_line' id='line_1_20' title="bbox 543 2547 1685 2640; baseline -0.003 -17"><span class='ocrx_word' id='word_1_166' title='bbox 543 2557 651 2639; x_wconf 71' lang='lat' dir='ltr'><strong>[licite</strong></span> <span class='ocrx_word' id='word_1_167' title='bbox 680 2556 870 2640; x_wconf 87' lang='lat' dir='ltr'><strong>distringere</strong></span> <span class='ocrx_word' id='word_1_168' title='bbox 900 2573 1014 2618; x_wconf 85' lang='lat' dir='ltr'><strong>omnes</strong></span> <span class='ocrx_word' id='word_1_169' title='bbox 1046 2550 1214 2614; x_wconf 83' lang='lat' dir='ltr'><strong>venientes</strong></span> <span class='ocrx_word' id='word_1_170' title='bbox 1243 2547 1278 2611; x_wconf 88' lang='lat' dir='ltr'><strong>in</strong></span> <span class='ocrx_word' id='word_1_171' title='bbox 1309 2549 1492 2616; x_wconf 84' lang='lat' dir='ltr'><strong>Flandn&#39;am</strong></span> <span class='ocrx_word' id='word_1_172' title='bbox 1517 2555 1558 2618; x_wconf 87' lang='lat' dir='ltr'><strong>‹le</strong></span> <span class='ocrx_word' id='word_1_173' title='bbox 1585 2577 1685 2640; x_wconf 89' lang='lat' dir='ltr'><strong>regno</strong></span> 
     </span>
     <span class='ocr_line' id='line_1_21' title="bbox 542 2652 1687 2744; baseline -0.003 -19"><span class='ocrx_word' id='word_1_174' title='bbox 542 2659 659 2744; x_wconf 85' lang='lat' dir='ltr'><strong>Anglie</strong></span> <span class='ocrx_word' id='word_1_175' title='bbox 675 2680 733 2744; x_wconf 90' lang='lat' dir='ltr'><strong>per</strong></span> <span class='ocrx_word' id='word_1_176' title='bbox 747 2677 882 2742; x_wconf 89' lang='lat' dir='ltr'><strong>corpora</strong></span> <span class='ocrx_word' id='word_1_177' title='bbox 896 2665 930 2720; x_wconf 88' lang='lat' dir='ltr'><strong>et</strong></span> <span class='ocrx_word' id='word_1_178' title='bbox 944 2652 1054 2718; x_wconf 90' lang='lat' dir='ltr'><strong>omnia</strong></span> <span class='ocrx_word' id='word_1_179' title='bbox 1068 2652 1155 2717; x_wconf 92' lang='lat' dir='ltr'><strong>bona</strong></span> <span class='ocrx_word' id='word_1_180' title='bbox 1169 2673 1293 2730; x_wconf 88' lang='lat' dir='ltr'><strong>eorum,</strong></span> <span class='ocrx_word' id='word_1_181' title='bbox 1309 2674 1477 2739; x_wconf 90' lang='lat' dir='ltr'><strong>quousque</strong></span> <span class='ocrx_word' id='word_1_182' title='bbox 1499 2656 1528 2720; x_wconf 91' lang='lat' dir='ltr'><strong>ei</strong></span> <span class='ocrx_word' id='word_1_183' title='bbox 1544 2657 1687 2722; x_wconf 83' lang='lat' dir='ltr'><strong>satisfac·</strong></span> 
     </span>
     <span class='ocr_line' id='line_1_22' title="bbox 542 2753 1687 2844; baseline -0.006 -15"><span class='ocrx_word' id='word_1_184' title='bbox 542 2774 614 2829; x_wconf 91' lang='lat' dir='ltr'><strong>tum</strong></span> <span class='ocrx_word' id='word_1_185' title='bbox 640 2761 737 2826; x_wconf 80' lang='lat' dir='ltr'><strong>fuerit</strong></span> <span class='ocrx_word' id='word_1_186' title='bbox 762 2760 802 2824; x_wconf 88' lang='lat' dir='ltr'><strong>de</strong></span> <span class='ocrx_word' id='word_1_187' title='bbox 826 2780 865 2824; x_wconf 90' lang='lat' dir='ltr'><strong>eo</strong></span> <span class='ocrx_word' id='word_1_188' title='bbox 885 2758 973 2844; x_wconf 89' lang='lat' dir='ltr'><strong>quod</strong></span> <span class='ocrx_word' id='word_1_189' title='bbox 989 2779 1008 2821; x_wconf 90' lang='lat' dir='ltr'><strong>a</strong></span> <span class='ocrx_word' id='word_1_190' title='bbox 1022 2765 1109 2822; x_wconf 91' lang='lat' dir='ltr'><strong>retro</strong></span> <span class='ocrx_word' id='word_1_191' title='bbox 1137 2753 1245 2820; x_wconf 88' lang='lat' dir='ltr'><strong>fucrit.</strong></span> <span class='ocrx_word' id='word_1_192' title='bbox 1290 2753 1390 2820; x_wconf 74' lang='lat' dir='ltr'><strong>Quod</strong></span> <span class='ocrx_word' id='word_1_193' title='bbox 1412 2777 1488 2820; x_wconf 86' lang='lat' dir='ltr'><strong>vero</strong></span> <span class='ocrx_word' id='word_1_194' title='bbox 1511 2757 1687 2843; x_wconf 90' lang='lat' dir='ltr'><strong>superbum</strong></span> 
     </span>
     <span class='ocr_line' id='line_1_23' title="bbox 542 2855 1688 2947; baseline -0.003 -17"><span class='ocrx_word' id='word_1_195' title='bbox 542 2865 732 2931; x_wconf 88' lang='lat' dir='ltr'><strong>mandatum</strong></span> <span class='ocrx_word' id='word_1_196' title='bbox 749 2864 819 2927; x_wconf 88' lang='lat' dir='ltr'><strong>Rex</strong></span> <span class='ocrx_word' id='word_1_197' title='bbox 835 2883 909 2927; x_wconf 90' lang='lat' dir='ltr'><strong>oum</strong></span> <span class='ocrx_word' id='word_1_198' title='bbox 924 2859 1060 2925; x_wconf 90' lang='lat' dir='ltr'><strong>oonsilio</strong></span> <span class='ocrx_word' id='word_1_199' title='bbox 1076 2880 1136 2923; x_wconf 91' lang='lat' dir='ltr'><strong>suo</strong></span> <span class='ocrx_word' id='word_1_200' title='bbox 1151 2858 1286 2923; x_wconf 88' lang='lat' dir='ltr'><strong>audiens</strong></span> <span class='ocrx_word' id='word_1_201' title='bbox 1301 2867 1335 2920; x_wconf 91' lang='lat' dir='ltr'><strong>et</strong></span> <span class='ocrx_word' id='word_1_202' title='bbox 1349 2855 1542 2943; x_wconf 87' lang='lat' dir='ltr'><strong>intelligens,</strong></span> <span class='ocrx_word' id='word_1_203' title='bbox 1558 2860 1688 2947; x_wconf 88' lang='lat' dir='ltr'><strong>indigne</strong></span> 
     </span>
     <span class='ocr_line' id='line_1_24' title="bbox 544 2958 1690 3051; baseline -0.004 -18"><span class='ocrx_word' id='word_1_204' title='bbox 544 2968 620 3033; x_wconf 90' lang='lat' dir='ltr'><strong>tulit</strong></span> <span class='ocrx_word' id='word_1_205' title='bbox 637 2978 671 3032; x_wconf 88' lang='lat' dir='ltr'><strong>et</strong></span> <span class='ocrx_word' id='word_1_206' title='bbox 696 2965 819 3051; x_wconf 87' lang='lat' dir='ltr'><strong>sprevit</strong></span> <span class='ocrx_word' id='word_1_207' title='bbox 841 2963 1004 3050; x_wconf 86' lang='lat' dir='ltr'><strong>predictos</strong></span> <span class='ocrx_word' id='word_1_208' title='bbox 1019 2961 1165 3040; x_wconf 87' lang='lat' dir='ltr'><strong>nuntios,</strong></span> <span class='ocrx_word' id='word_1_209' title='bbox 1185 2958 1368 3045; x_wconf 89' lang='lat' dir='ltr'><strong>precipiens</strong></span> <span class='ocrx_word' id='word_1_210' title='bbox 1384 2959 1441 3039; x_wconf 87' lang='lat' dir='ltr'><strong>eis,</strong></span> <span class='ocrx_word' id='word_1_211' title='bbox 1466 2962 1528 3026; x_wconf 91' lang='lat' dir='ltr'><strong>sub</strong></span> <span class='ocrx_word' id='word_1_212' title='bbox 1547 2965 1690 3048; x_wconf 87' lang='lat' dir='ltr'><strong>periculo</strong></span> 
     </span>
     <span class='ocr_line' id='line_1_25' title="bbox 543 3061 1690 3147; baseline -0.003 -11"><span class='ocrx_word' id='word_1_213' title='bbox 543 3071 610 3136; x_wconf 86' lang='lat' dir='ltr'><strong>vite</strong></span> <span class='ocrx_word' id='word_1_214' title='bbox 625 3077 659 3134; x_wconf 86' lang='lat' dir='ltr'><strong>et</strong></span> <span class='ocrx_word' id='word_1_215' title='bbox 672 3065 905 3143; x_wconf 84' lang='lat' dir='ltr'><strong>membrorum,</strong></span> <span class='ocrx_word' id='word_1_216' title='bbox 920 3073 958 3128; x_wconf 94' lang='lat' dir='ltr'><strong>ut</strong></span> <span class='ocrx_word' id='word_1_217' title='bbox 980 3073 1097 3127; x_wconf 86' lang='lat' dir='ltr'><strong>exeant</strong></span> <span class='ocrx_word' id='word_1_218' title='bbox 1118 3085 1137 3126; x_wconf 88' lang='lat' dir='ltr'><strong>a</strong></span> <span class='ocrx_word' id='word_1_219' title='bbox 1158 3083 1257 3147; x_wconf 89' lang='lat' dir='ltr'><strong>regno</strong></span> <span class='ocrx_word' id='word_1_220' title='bbox 1279 3061 1405 3145; x_wconf 79' lang='lat' dir='ltr'><strong>Angliae</strong></span> <span class='ocrx_word' id='word_1_221' title='bbox 1425 3062 1508 3128; x_wconf 78' lang='lat' dir='ltr'><strong>infra</strong></span> <span class='ocrx_word' id='word_1_222' title='bbox 1533 3075 1599 3130; x_wconf 89' lang='lat' dir='ltr'><strong>tres</strong></span> <span class='ocrx_word' id='word_1_223' title='bbox 1621 3068 1690 3132; x_wconf 87' lang='lat' dir='ltr'><strong>dies</strong></span> 
     </span>
    </p>
   </div>
   <div class='ocr_carea' id='block_1_3' title="bbox 544 3164 1814 3259">
    <p class='ocr_par' dir='ltr' id='par_1_5' title="bbox 544 3164 1814 3259">
     <span class='ocr_line' id='line_1_26' title="bbox 544 3164 1814 3259; baseline 0 -23"><span class='ocrx_word' id='word_1_224' title='bbox 544 3171 693 3259; x_wconf 83' lang='lat' dir='ltr'><strong>proximo</strong></span> <span class='ocrx_word' id='word_1_225' title='bbox 709 3174 893 3253; x_wconf 85' lang='lat' dir='ltr'><strong>sequentes,</strong></span> <span class='ocrx_word' id='word_1_226' title='bbox 907 3174 942 3230; x_wconf 90' lang='lat' dir='ltr'><strong>et</strong></span> <span class='ocrx_word' id='word_1_227' title='bbox 965 3185 1007 3228; x_wconf 89' lang='lat' dir='ltr'><strong>ne</strong></span> <span class='ocrx_word' id='word_1_228' title='bbox 1030 3164 1144 3249; x_wconf 86' lang='lat' dir='ltr'><strong>aliquis</strong></span> <span class='ocrx_word' id='word_1_229' title='bbox 1160 3164 1201 3229; x_wconf 91' lang='lat' dir='ltr'><strong>de</strong></span> <span class='ocrx_word' id='word_1_230' title='bbox 1224 3172 1386 3249; x_wconf 86' lang='lat' dir='ltr'><strong>potestate</strong></span> <span class='ocrx_word' id='word_1_231' title='bbox 1408 3165 1493 3232; x_wconf 90' lang='lat' dir='ltr'><strong>dicte</strong></span> <span class='ocrx_word' id='word_1_232' title='bbox 1516 3167 1690 3236; x_wconf 78' lang='lat' dir='ltr'><strong>comitisse</strong></span> <span class='ocrx_word' id='word_1_233' title='bbox 1809 3239 1814 3246; x_wconf 76' lang='grc'>,</span> 
     </span>
    </p>
   </div>
   <div class='ocr_carea' id='block_1_4' title="bbox 545 3265 1695 3971">
    <p class='ocr_par' dir='ltr' id='par_1_6' title="bbox 545 3265 1695 3971">
     <span class='ocr_line' id='line_1_27' title="bbox 545 3265 1691 3356; baseline 0 -19"><span class='ocrx_word' id='word_1_234' title='bbox 545 3272 655 3338; x_wconf 87' lang='lat' dir='ltr'><strong>veniat</strong></span> <span class='ocrx_word' id='word_1_235' title='bbox 668 3272 702 3336; x_wconf 94' lang='lat' dir='ltr'><strong>in</strong></span> <span class='ocrx_word' id='word_1_236' title='bbox 718 3291 853 3356; x_wconf 87' lang='lat' dir='ltr'><strong>reguum</strong></span> <span class='ocrx_word' id='word_1_237' title='bbox 868 3267 985 3353; x_wconf 84' lang='lat' dir='ltr'><strong>Anglie</strong></span> <span class='ocrx_word' id='word_1_238' title='bbox 1009 3266 1071 3331; x_wconf 90' lang='lat' dir='ltr'><strong>sub</strong></span> <span class='ocrx_word' id='word_1_239' title='bbox 1092 3266 1207 3330; x_wconf 89' lang='lat' dir='ltr'><strong>eodem</strong></span> <span class='ocrx_word' id='word_1_240' title='bbox 1233 3265 1386 3352; x_wconf 89' lang='lat' dir='ltr'><strong>periculo.</strong></span> <span class='ocrx_word' id='word_1_241' title='bbox 1429 3269 1550 3334; x_wconf 87' lang='lat' dir='ltr'><strong>Actum</strong></span> <span class='ocrx_word' id='word_1_242' title='bbox 1568 3272 1612 3356; x_wconf 85' lang='lat' dir='ltr'><strong>vj.</strong></span> <span class='ocrx_word' id='word_1_243' title='bbox 1639 3272 1691 3336; x_wconf 93' lang='lat' dir='ltr'><strong>die</strong></span> 
     </span>
     <span class='ocr_line' id='line_1_28' title="bbox 548 3368 1692 3459; baseline -0.001 -20"><span class='ocrx_word' id='word_1_244' title='bbox 548 3373 640 3440; x_wconf 88' lang='lat' dir='ltr'><strong>Maii.</strong></span> <span class='ocrx_word' id='word_1_245' title='bbox 685 3373 761 3453; x_wconf 85' lang='lat' dir='ltr'><strong>Sed,</strong></span> <span class='ocrx_word' id='word_1_246' title='bbox 772 3381 893 3450; x_wconf 87' lang='lat' dir='ltr'><strong>tamen,</strong></span> <span class='ocrx_word' id='word_1_247' title='bbox 908 3393 967 3457; x_wconf 88' lang='lat' dir='ltr'><strong>per</strong></span> <span class='ocrx_word' id='word_1_248' title='bbox 986 3391 1155 3435; x_wconf 87' lang='lat' dir='ltr'><strong>assensum</strong></span> <span class='ocrx_word' id='word_1_249' title='bbox 1170 3368 1306 3434; x_wconf 83' lang='lat' dir='ltr'><strong>Consilii</strong></span> <span class='ocrx_word' id='word_1_250' title='bbox 1334 3370 1479 3436; x_wconf 92' lang='lat' dir='ltr'><strong>Domino</strong></span> <span class='ocrx_word' id='word_1_251' title='bbox 1503 3375 1600 3459; x_wconf 82' lang='lat' dir='ltr'><strong>Regis</strong></span> <span class='ocrx_word' id='word_1_252' title='bbox 1615 3397 1692 3440; x_wconf 89' lang='lat' dir='ltr'><strong>oon-</strong></span> 
     </span>
     <span class='ocr_line' id='line_1_29' title="bbox 547 3473 1692 3561; baseline -0.002 -18"><span class='ocrx_word' id='word_1_253' title='bbox 547 3498 676 3543; x_wconf 88' lang='lat' dir='ltr'><strong>oessum</strong></span> <span class='ocrx_word' id='word_1_254' title='bbox 697 3476 760 3541; x_wconf 82' lang='lat' dir='ltr'><strong>fuit</strong></span> <span class='ocrx_word' id='word_1_255' title='bbox 781 3473 868 3561; x_wconf 91' lang='lat' dir='ltr'><strong>quod</strong></span> <span class='ocrx_word' id='word_1_256' title='bbox 892 3475 966 3540; x_wconf 85' lang='lat' dir='ltr'><strong>lana</strong></span> <span class='ocrx_word' id='word_1_257' title='bbox 987 3475 1158 3539; x_wconf 89' lang='lat' dir='ltr'><strong>duceretur</strong></span> <span class='ocrx_word' id='word_1_258' title='bbox 1180 3481 1271 3537; x_wconf 85' lang='lat' dir='ltr'><strong>extra</strong></span> <span class='ocrx_word' id='word_1_259' title='bbox 1295 3493 1429 3557; x_wconf 88' lang='lat' dir='ltr'><strong>regnum</strong></span> <span class='ocrx_word' id='word_1_260' title='bbox 1454 3475 1569 3540; x_wconf 86' lang='lat' dir='ltr'><strong>eodem</strong></span> <span class='ocrx_word' id='word_1_261' title='bbox 1595 3478 1692 3541; x_wconf 88' lang='lat' dir='ltr'><strong>modo</strong></span> 
     </span>
     <span class='ocr_line' id='line_1_30' title="bbox 547 3575 1694 3665; baseline 0.002 -22"><span class='ocrx_word' id='word_1_262' title='bbox 547 3600 612 3665; x_wconf 88' lang='lat' dir='ltr'><strong>quo</strong></span> <span class='ocrx_word' id='word_1_263' title='bbox 628 3575 697 3643; x_wconf 85' lang='lat' dir='ltr'><strong>lieri</strong></span> <span class='ocrx_word' id='word_1_264' title='bbox 712 3577 837 3642; x_wconf 84' lang='lat' dir='ltr'><strong>solebat</strong></span> <span class='ocrx_word' id='word_1_265' title='bbox 851 3599 937 3643; x_wconf 89' lang='lat' dir='ltr'><strong>anno</strong></span> <span class='ocrx_word' id='word_1_266' title='bbox 948 3575 1159 3662; x_wconf 78' lang='lat' dir='ltr'><strong>&#39;precedenti;</strong></span> <span class='ocrx_word' id='word_1_267' title='bbox 1175 3576 1237 3639; x_wconf 92' lang='lat' dir='ltr'><strong>hoc</strong></span> <span class='ocrx_word' id='word_1_268' title='bbox 1249 3577 1371 3641; x_wconf 88' lang='lat' dir='ltr'><strong>scilicet</strong></span> <span class='ocrx_word' id='word_1_269' title='bbox 1384 3577 1506 3658; x_wconf 88' lang='lat' dir='ltr'><strong>addito,</strong></span> <span class='ocrx_word' id='word_1_270' title='bbox 1521 3581 1608 3664; x_wconf 90' lang='lat' dir='ltr'><strong>quod</strong></span> <span class='ocrx_word' id='word_1_271' title='bbox 1623 3581 1694 3663; x_wconf 88' lang='lat' dir='ltr'><strong>qui·</strong></span> 
     </span>
     <span class='ocr_line' id='line_1_31' title="bbox 546 3677 1693 3765; baseline -0.001 -18"><span class='ocrx_word' id='word_1_272' title='bbox 546 3681 627 3747; x_wconf 88' lang='lat' dir='ltr'><strong>libet</strong></span> <span class='ocrx_word' id='word_1_273' title='bbox 652 3701 764 3744; x_wconf 86' lang='lat' dir='ltr'><strong>saccus</strong></span> <span class='ocrx_word' id='word_1_274' title='bbox 788 3679 861 3744; x_wconf 90' lang='lat' dir='ltr'><strong>lane</strong></span> <span class='ocrx_word' id='word_1_275' title='bbox 886 3680 1068 3765; x_wconf 83' lang='lat' dir='ltr'><strong>signaretur</strong></span> <span class='ocrx_word' id='word_1_276' title='bbox 1090 3679 1183 3763; x_wconf 87' lang='lat' dir='ltr'><strong>signo</strong></span> <span class='ocrx_word' id='word_1_277' title='bbox 1208 3677 1342 3742; x_wconf 91' lang='lat' dir='ltr'><strong>Domini</strong></span> <span class='ocrx_word' id='word_1_278' title='bbox 1370 3679 1479 3765; x_wconf 87' lang='lat' dir='ltr'><strong>Regis.</strong></span> <span class='ocrx_word' id='word_1_279' title='bbox 1525 3681 1587 3761; x_wconf 87' lang='lat' dir='ltr'><strong>Ita,</strong></span> <span class='ocrx_word' id='word_1_280' title='bbox 1612 3682 1693 3747; x_wconf 87' lang='lat' dir='ltr'><strong>siin</strong></span> 
     </span>
     <span class='ocr_line' id='line_1_32' title="bbox 545 3779 1694 3870; baseline -0.001 -21"><span class='ocrx_word' id='word_1_281' title='bbox 545 3785 653 3870; x_wconf 85' lang='lat' dir='ltr'><strong>aliqua</strong></span> <span class='ocrx_word' id='word_1_282' title='bbox 666 3781 740 3847; x_wconf 85' lang='lat' dir='ltr'><strong>navi</strong></span> <span class='ocrx_word' id='word_1_283' title='bbox 755 3800 842 3846; x_wconf 89' lang='lat' dir='ltr'><strong>mare</strong></span> <span class='ocrx_word' id='word_1_284' title='bbox 854 3791 1044 3847; x_wconf 83' lang='lat' dir='ltr'><strong>transeunte</strong></span> <span class='ocrx_word' id='word_1_285' title='bbox 1058 3780 1174 3844; x_wconf 81' lang='lat' dir='ltr'><strong>fuisset</strong></span> <span class='ocrx_word' id='word_1_286' title='bbox 1189 3779 1305 3865; x_wconf 89' lang='lat' dir='ltr'><strong>aliquis</strong></span> <span class='ocrx_word' id='word_1_287' title='bbox 1325 3801 1437 3845; x_wconf 88' lang='lat' dir='ltr'><strong>saccus</strong></span> <span class='ocrx_word' id='word_1_288' title='bbox 1456 3783 1610 3848; x_wconf 84' lang='lat' dir='ltr'><strong>inventus</strong></span> <span class='ocrx_word' id='word_1_289' title='bbox 1625 3785 1694 3848; x_wconf 89' lang='lat' dir='ltr'><strong>sine</strong></span> 
     </span>
     <span class='ocr_line' id='line_1_33' title="bbox 545 3881 1695 3971; baseline -0.001 -20"><span class='ocrx_word' id='word_1_290' title='bbox 545 3887 600 3952; x_wconf 88' lang='lat' dir='ltr'><strong>tali</strong></span> <span class='ocrx_word' id='word_1_291' title='bbox 618 3884 809 3970; x_wconf 87' lang='lat' dir='ltr'><strong>signatione,</strong></span> <span class='ocrx_word' id='word_1_292' title='bbox 831 3883 948 3949; x_wconf 80' lang='lat' dir='ltr'><strong>fuisset</strong></span> <span class='ocrx_word' id='word_1_293' title='bbox 968 3882 1164 3963; x_wconf 80' lang='lat' dir='ltr'><strong>forisfactus,</strong></span> <span class='ocrx_word' id='word_1_294' title='bbox 1179 3891 1213 3947; x_wconf 92' lang='lat' dir='ltr'><strong>et</strong></span> <span class='ocrx_word' id='word_1_295' title='bbox 1227 3891 1278 3946; x_wconf 87' lang='lat' dir='ltr'><strong>est</strong></span> <span class='ocrx_word' id='word_1_296' title='bbox 1292 3881 1366 3946; x_wconf 87' lang='lat' dir='ltr'><strong>talis</strong></span> <span class='ocrx_word' id='word_1_297' title='bbox 1381 3883 1435 3948; x_wconf 85' lang='lat' dir='ltr'><strong>illa</strong></span> <span class='ocrx_word' id='word_1_298' title='bbox 1450 3885 1612 3971; x_wconf 80' lang='lat' dir='ltr'><strong>signaci03</strong></span> <span class='ocrx_word' id='word_1_299' title='bbox 1634 3886 1695 3950; x_wconf 91' lang='lat' dir='ltr'><strong>sci-</strong></span> 
     </span>
    </p>
   </div>
   <div class='ocr_carea' id='block_1_5' title="bbox 545 3984 1696 4076">
    <p class='ocr_par' dir='ltr' id='par_1_7' title="bbox 545 3984 1696 4076">
     <span class='ocr_line' id='line_1_34' title="bbox 545 3984 1696 4076; baseline -0.002 -22"><span class='ocrx_word' id='word_1_300' title='bbox 545 3989 631 4069; x_wconf 89' lang='lat' dir='ltr'><strong>licet,</strong></span> <span class='ocrx_word' id='word_1_301' title='bbox 657 3987 691 4053; x_wconf 90' lang='lat' dir='ltr'><strong>in</strong></span> <span class='ocrx_word' id='word_1_302' title='bbox 714 3984 863 4075; x_wconf 83' lang='lat' dir='ltr'><strong>quolibet</strong></span> <span class='ocrx_word' id='word_1_303' title='bbox 885 4009 978 4054; x_wconf 88' lang='lat' dir='ltr'><strong>sacco</strong></span> <span class='ocrx_word' id='word_1_304' title='bbox 1001 4007 1075 4052; x_wconf 89' lang='lat' dir='ltr'><strong>cum</strong></span> <span class='ocrx_word' id='word_1_305' title='bbox 1101 3986 1202 4052; x_wconf 86' lang='lat' dir='ltr'><strong>rubea</strong></span> <span class='ocrx_word' id='word_1_306' title='bbox 1222 3994 1305 4050; x_wconf 88' lang='lat' dir='ltr'><strong>terra</strong></span> <span class='ocrx_word' id='word_1_307' title='bbox 1329 3985 1368 4050; x_wconf 88' lang='lat' dir='ltr'><strong>de</strong></span> <span class='ocrx_word' id='word_1_308' title='bbox 1391 3986 1488 4072; x_wconf 89' lang='lat' dir='ltr'><strong>longo</strong></span> <span class='ocrx_word' id='word_1_309' title='bbox 1507 3988 1541 4052; x_wconf 91' lang='lat' dir='ltr'><strong>in</strong></span> <span class='ocrx_word' id='word_1_310' title='bbox 1563 3989 1696 4076; x_wconf 87' lang='lat' dir='ltr'><strong>longum</strong></span> 
     </span>
    </p>
   </div>
   <div class='ocr_carea' id='block_1_6' title="bbox 0 0 1991 5088">
    <p class='ocr_par' dir='ltr' id='par_1_8' title="bbox 0 0 1991 5088">
     <span class='ocr_line' id='line_1_35' title="bbox 0 0 1991 5088; baseline 0 0"><span class='ocrx_word' id='word_1_311' title='bbox 0 0 1991 5088; x_wconf 95' lang='lat' dir='ltr'><strong> </strong></span> 
     </span>
    </p>
   </div>
  </div>
 </body>
</html>
