3850 5020
445 531 514 599 lxiv
952 555 1129 602 renuere.

442 705 611 764 elemener
632 704 667 762 de
691 703 866 784 Seoleeurey
884 726 900 764 e
920 707 962 766 les
986 727 1097 767 resuere
1117 709 1152 767 de
1175 709 1332 788 Redeweye
1356 709 1393 767 od
1415 708 1441 766 le
1465 707 1605 769 Hundred
1626 727 1643 766 e

446 801 576 860 Herbem
589 800 626 858 od
639 801 679 858 les
692 813 901 878 eportennnces,
915 823 931 862 e
944 805 984 863 les
997 805 1131 882 homeges
1143 827 1159 864 e
1173 807 1294 864 services
1315 804 1349 863 de
1368 805 1474 884 Syrnon
1488 805 1523 864 de
1537 805 1643 865 Grind-

444 899 520 965 hnrn,
536 897 630 974 Felipe
644 897 678 955 de
694 897 869 966 Colnmbers,
885 900 983 959 Weter
1001 901 1036 960 de
1058 902 1155 970 Bedle,
1169 921 1185 960 e
1198 901 1248 960 des
1261 901 1337 960 heirs
1352 901 1462 960 Michel
1475 901 1510 958 de
1521 899 1643 978 Spiotes·

443 993 508 1072 wyk
522 993 572 1052 des
585 994 646 1052 sees
660 994 728 1071 quil
749 999 876 1054 tenent!
919 995 945 1054 E
966 997 1007 1054 les
1029 1017 1118 1075 qneus
1132 997 1247 1065 chuni,
1268 1015 1389 1064 menei-s,
1409 995 1539 1054 hundred
1552 1016 1568 1054 e
1581 997 1641 1054 sees

443 1089 481 1149 od
494 1089 535 1148 les
547 1101 746 1168 sportensnoes
759 1111 813 1149 nus
826 1111 924 1150 evome
937 1092 1009 1150 done
1029 1113 1047 1151 e
1069 1091 1216 1152 l'eventdit
1230 1091 1340 1150 Robert
1361 1110 1416 1169 pur
1428 1109 1479 1149 son
1494 1091 1613 1170 hornege
1626 1111 1643 1150 e

442 1188 1188 1266 pureonleelserviseserereetenirelieeses
1210 1187 1287 1246 heire
1306 1186 1642 1247 denueedenosheirs

442 1305 493 1362 per
505 1286 534 1344 le
547 1294 623 1343 teroe
642 1287 731 1362 perde
744 1285 780 1342 de
792 1285 821 1343 ln
839 1285 945 1344 service
958 1305 993 1362 qe
1007 1284 1153 1342 l’evenidii
1175 1285 1262 1360 Huge
1275 1303 1329 1342 nus
1343 1285 1436 1342 deveit
1449 1303 1503 1361 pur
1514 1293 1588 1343 totes
1602 1284 1642 1343 les

442 1393 530 1441 terres
551 1383 717 1441 sventdites.
760 1381 786 1441 E
805 1401 841 1458 qe
865 1381 1011 1440 l'evnnidit
1033 1382 1121 1458 Huge
1142 1381 1205 1439 fece
1218 1400 1235 1438 e
1249 1381 1396 1440 l'evsntdie
1411 1381 1519 1440 Robert
1536 1401 1642 1440 enses

444 1479 789 1555 helmwielnseruteqe
810 1498 865 1538 nus
887 1477 1161 1556 vodronseqeoele
1182 1477 1289 1536 Robert
1310 1478 1435 1548 roderet,
1455 1479 1504 1536 issi
1525 1478 1642 1556 qu'ilne

445 1597 490 1634 ses
504 1576 580 1635 heire
593 1577 747 1634 desormsis
762 1596 797 1634 ne
815 1585 932 1653 pussent
951 1575 1102 1652 ohelenger
1122 1573 1188 1632 nule
1205 1593 1318 1634 menore
1330 1576 1367 1633 de
1380 1574 1453 1634 dreit
1467 1575 1497 1632 ni
1510 1575 1546 1634 de
1560 1575 1641 1633 oleirn

440 1694 477 1735 en
498 1673 539 1732 les
563 1673 704 1733 eventdite
725 1673 840 1743 chestel,
861 1693 982 1743 munere,
1002 1673 1130 1732 hundred
1144 1673 1232 1732 efees
1247 1673 1338 1731 odies
1354 1681 1581 1750 sportenonoese
1594 1681 1640 1729 toz

438 1775 512 1850 jure.
554 1771 637 1828 Estre
658 1791 690 1828 ee
710 1790 762 1829 nus
783 1773 953 1848 pardonums
967 1790 985 1829 e
997 1771 1143 1830 l'eventdit
1164 1771 1250 1847 Huge
1264 1779 1336 1828 totos
1348 1771 1390 1827 les
1404 1770 1502 1838 denes,
1523 1768 1591 1846 qu'il
1605 1787 1641 1826 ou

441 1887 485 1926 ses
499 1877 639 1926 enoestres
658 1887 712 1926 nus
732 1866 859 1926 deveient
872 1867 900 1926 le
912 1870 1003 1926 meite.
1046 1867 1071 1926 E
1092 1869 1127 1926 de
1146 1867 1246 1926 l'sutre
1269 1868 1352 1926 meite
1372 1877 1516 1944 grentonis
1529 1887 1548 1925 s
1560 1866 1581 1923 li
1594 1885 1642 1923 ee

440 1985 486 2024 ses
499 1964 574 2023 heire
586 1973 688 2022 termes
699 1983 793 2042 epoer
805 1965 867 2022 rint
880 1985 971 2023 meros
984 1983 1036 2042 per
1049 1985 1085 2022 on
1098 1985 1116 2023 e
1128 1973 1224 2022 nostre
1242 1963 1385 2022 aoheker.
1426 1963 1471 2022 En
1490 1973 1534 2022 est
1546 1973 1642 2022 nostre

442 2063 484 2121 dir
497 2063 590 2121 donne
602 2081 638 2118 en
652 2061 710 2119 oele
723 2080 836 2120 menete
849 2081 884 2139 qe
898 2062 921 2118 si
935 2061 1082 2119 l'nvuntdit
1100 2061 1188 2135 Huge
1201 2061 1353 2118 desormeie
1367 2062 1429 2119 feoe
1443 2061 1527 2119 chose
1540 2080 1575 2137 qe
1589 2061 1642 2118 seit

438 2167 571 2218 enoontre
584 2169 679 2216 nostre
692 2159 729 2216 fei
744 2177 781 2217 ou
794 2158 829 2217 de
842 2178 894 2216 nos
907 2158 983 2216 heire
1005 2168 1179 2235 epertement
1192 2178 1228 2216 on
1242 2158 1312 2236 qu’il
1325 2179 1361 2216 ou
1376 2179 1420 2217 ses
1434 2159 1510 2216 heire
1524 2167 1641 2217 mettent

442 2257 605 2314 contencion
625 2275 663 2312 ou
683 2254 819 2330 chalenge
843 2273 879 2312 en
902 2255 944 2312 les
966 2255 1094 2313 evendits
1116 2253 1232 2323 chmel,
1255 2275 1378 2322 meners,
1402 2253 1640 2319 hundredefees‚

440 2352 564 2430 lesquels
583 2371 637 2410 nus
657 2371 756 2409 evums
770 2353 843 2410 done
856 2371 873 2410 e
886 2350 1033 2410 l’eventdit
1054 2350 1171 2420 Robore,
1194 2361 1267 2410 totes
1287 2352 1329 2410 les
1349 2353 1508 2410 eventditus
1522 2361 1641 2411 terreso

442 2458 595 2518 tenemens,
615 2449 658 2507 lee
678 2468 771 2526 queux
791 2469 845 2509 nus
865 2468 964 2509 svums
984 2450 1073 2508 rendu
1086 2469 1104 2509 e
1116 2449 1263 2510 l’evnntdit
1277 2450 1373 2528 Huge,
1394 2453 1481 2510 soient
1494 2471 1511 2510 n
1525 2471 1578 2509 nus
1593 2471 1609 2509 e
1623 2471 1640 2510 ι

475 2653 491 2688 ⁸
509 2655 614 2714 dewey
625 2655 665 2702 les
675 2655 764 2702 hernlot
775 2655 800 2702 in
811 2656 853 2704 the
863 2657 941 2717 perish
952 2659 980 2704 oi
994 2657 1154 2718 Cennington,
1166 2655 1253 2714 which,
1266 2658 1323 2704 with
1336 2656 1420 2714 Week,
1430 2672 1446 2703 s
1456 2657 1553 2713 hemlee,
1563 2657 1587 2703 in
1599 2656 1641 2702 the

442 2738 521 2800 purish
534 2737 561 2783 oi
574 2736 738 2798 stoke-curcy,
756 2752 817 2785 were
832 2739 949 2786 member-s
965 2739 992 2785 ol
1005 2740 1045 2786 the
1058 2737 1167 2786 Hononr.
1208 2739 1259 2786 Τὴο
1269 2740 1381 2786 hundred
1393 2739 1420 2784 oi
1429 2739 1580 2799 Cmnington
1594 2753 1641 2783 sus

439 2821 510 2882 giren
522 2821 553 2880 by
565 2819 630 2880 King
642 2818 725 2880 lienry
736 2819 784 2867 111.
796 2827 820 2868 to
831 2821 872 2868 eho
885 2821 951 2868 elder
963 2820 1038 2883 Hugh
1050 2822 1081 2868 de
1093 2821 1191 2868 Neville.
1225 2821 1275 2868 The
1285 2821 1376 2868 ohuroh
1387 2821 1436 2865 end
1447 2833 1531 2865 msnor
1542 2818 1568 2863 ol
1578 2818 1640 2866 Cen·

441 2904 542 2965 hington
559 2902 607 2949 hed
623 2903 683 2950 been
701 2903 771 2950 mede
790 2903 868 2965 peroel
886 2905 912 2950 ol
929 2905 970 2951 the
987 2905 1140 2952 endowment
1159 2903 1186 2950 ol
1201 2917 1216 2948 e
1231 2917 1349 2961 nnnnery,
1367 2901 1509 2946 established
1526 2899 1594 2944 there
1610 2901 1641 2957 by

440 2985 529 3032 Robore
537 2986 568 3032 de
579 2985 671 3045 Courey
683 2987 707 3031 in
719 2987 760 3033 tho
768 2988 835 3048 reign
847 2987 874 3033 ol
883 2986 996 3048 Stephon.
1030 2985 1099 3032 Weet
1110 2984 1238 3032 Hernhorn
1247 2985 1267 3029 is
1277 2999 1292 3029 e
1303 2981 1414 3041 ehepelry
1425 2981 1450 3025 in
1466 2980 1507 3025 the
1526 2977 1606 3037 pnrish
1617 2978 1644 3024 ol

440 3066 531 3113 Combe
542 3068 625 3124 Bina,
636 3068 661 3113 in
672 3067 714 3113 the
724 3068 835 3114 hundred
847 3068 874 3113 ol
882 3069 988 3113 Cewdon
999 3067 1047 3112 end
1060 3066 1196 3118 Codworeh,
1208 3077 1269 3110 eoin.
1280 3062 1361 3117 Wilts,
1372 3060 1420 3105 end
1433 3061 1453 3105 is
1466 3059 1602 3106 mentioned
1614 3061 1639 3105 in

437 3147 479 3193 the
487 3145 557 3192 'loeis
565 3146 596 3191 de
604 3145 683 3191 Novill
694 3147 771 3191 under
777 3147 818 3191 the
825 3146 930 3205 hesding
937 3145 1018 3190 Feode
1023 3144 1040 3190 J
1042 3145 1143 3189 ohannis
1150 3144 1181 3188 de
1190 3141 1276 3199 Nevill‚
1285 3143 1311 3186 in
1319 3142 1372 3188 thet
1379 3147 1476 3200 enunty.
1494 3143 1510 3166 ‘¹
1518 3139 1639 3188 Walterus

440 3227 472 3272 de
483 3225 592 3272 Lillebon
604 3239 680 3271 unum
692 3225 788 3271 leoduni
804 3226 830 3270 in
848 3225 1004 3284 Myddelton3
1021 3223 1157 3269 willelmus
1168 3223 1271 3270 Gerberl
1282 3237 1358 3269 unum
1374 3223 1469 3268 leoduni
1481 3225 1505 3268 in
1517 3222 1640 3281 Odestolr3

439 3307 564 3354 Johsnnee
574 3305 605 3351 de
616 3304 710 3351 Nevills
721 3319 797 3350 unum
809 3304 905 3350 feodum
917 3305 942 3350 in
952 3302 1085 3349 Herrehsm
1097 3302 1127 3349 do
1137 3301 1235 3349 Honore
1246 3303 1276 3350 de
1287 3303 1454 3349 Stolreonroi.”
1475 3301 1582 3350 odssoek
1594 3305 1614 3352 is
1625 3320 1640 3351 s

439 3389 519 3450 perish
531 3389 556 3434 in
567 3389 609 3434 the
624 3401 689 3435 seme
699 3387 820 3445 hundred,
839 3385 887 3432 end
900 3385 985 3431 Milton
999 3383 1114 3431 Lilbourn
1125 3399 1141 3430 s
1151 3384 1230 3445 perish
1242 3385 1267 3430 in
1278 3385 1330 3432 thet
1345 3386 1373 3431 oi
1386 3385 1574 3435 Kinwerdstone.
1608 3389 1638 3434 ln

439 3471 504 3518 1168
517 3470 606 3516 Robert
616 3469 720 3517 Gerbert
738 3468 794 3516 held
806 3482 852 3514 one
863 3467 968 3528 knight’e
983 3467 1026 3513 hel
1038 3467 1065 3514 ol
1078 3463 1185 3512 Williom
1197 3466 1227 3512 de
1241 3467 1321 3523 Cerei,
1330 3467 1370 3513 the
1385 3469 1493 3526 stowsrd,
1506 3469 1533 3514 ol
1547 3469 1639 3515 theold

440 3552 562 3608 iwlment,
578 3551 626 3597 end
638 3551 665 3598 ol
678 3551 719 3598 the
736 3565 788 3597 new
805 3549 918 3596 ieolment
929 3551 959 3611 by
975 3549 1013 3596 his
1023 3549 1100 3596 lether
1110 3548 1204 3596 Walter
1214 3550 1245 3596 de
1262 3549 1385 3596 Lillebone
1401 3550 1457 3597 held
1477 3565 1522 3596 one
1533 3551 1641 3612 knight's

439 3635 489 3682 liei.
524 3632 627 3679 hiiohsel
637 3632 668 3678 de
679 3631 798 3691 Spiohwio
810 3645 857 3676 νυ
867 3630 925 3677 then
937 3645 952 3676 e
961 3635 1045 3677 tenent
1060 3631 1086 3677 ol
1098 3630 1140 3677 the
1150 3633 1239 3691 beronp
1250 3633 1277 3678 ol
1287 3631 1428 3689 Mesohines,
1440 3632 1498 3678 then
1509 3632 1640 3693 belonging

440 3722 466 3762 to
477 3715 514 3761 his
530 3715 624 3762 mother
637 3715 721 3761 Avioie
733 3715 763 3760 de
775 3713 894 3761 Romeilli.
928 3713 1031 3759 hiieheel
1048 3714 1079 3759 de
1095 3712 1237 3773 Spiohewylr
1255 3714 1311 3758 died
1327 3713 1405 3759 seized
1422 3714 1449 3759 ol
1463 3715 1505 3760 the
1522 3728 1605 3760 menor
1615 3714 1642 3759 oi

440 3797 623 3858 Spioheswiolre,
635 3797 660 3842 in
672 3797 712 3843 the
723 3801 811 3856 eonnty
822 3797 849 3844 ol
863 3794 954 3853 Devon,
966 3795 1046 3855 owing
1053 3795 1101 3841 suit
1111 3795 1138 3840 ol
1151 3801 1220 3841 oourt
1231 3801 1255 3841 to
1266 3795 1308 3841 the
1318 3809 1401 3840 monor
1412 3794 1439 3840 oi
1447 3795 1601 3854 ffiolreourop,
1613 3795 1638 3840 in

441 3877 473 3926 83
486 3878 554 3924 Edw.
566 3877 586 3924 Ι.
599 3875 682 3937 (Ειοὴ.
697 3877 728 3925 83
739 3876 809 3926 Edw.
819 3874 840 3924 1.
850 3890 876 3923 n.
885 3873 939 3937 42.)
982 3873 1063 3934 Philip
1074 3874 1105 3920 do
1116 3873 1263 3932 Columbers,
1271 3874 1296 3919 in
1308 3871 1340 3920 45
1349 3873 1413 3921 lien.
1426 3875 1482 3930 111„
1494 3875 1550 3920 died
1561 3875 1639 3921 seized

439 3960 467 4007 ol
475 3974 521 4007 one
532 3959 638 4021 knight's
647 3959 691 4006 iiei
703 3960 728 4004 in
741 3957 871 4014 Honibore,
881 3956 938 4004 held
950 3956 977 4002 oi
991 3955 1067 4016 Hugh
1075 3955 1106 4002 de
1117 3954 1204 4012 Nerill,
1220 3955 1269 4001 end
1281 3956 1356 4001 worth
1367 3956 1446 4015 yearly
1457 3956 1532 4014 loli„
1545 3955 1639 4016 leeving

440 4042 521 4103 Philip
532 4041 569 4088 his
579 4056 621 4088 son
637 4041 685 4087 end
698 4041 758 4097 heir,
775 4039 836 4101 eged
848 4039 879 4087 33
887 4053 961 4098 years,
977 4037 1018 4084 the
1035 4051 1120 4098 person
1135 4037 1229 4084 named.
1264 4036 1386 4084 Honibere
1398 4037 1417 4084 is
1428 4052 1443 4083 s
1453 4037 1548 4098 tything
1558 4037 1585 4083 ol
1598 4037 1639 4084 the

440 4139 494 4171 now
505 4124 583 4186 perish
595 4123 622 4169 ol
633 4121 745 4178 hildonii,
758 4121 868 4180 formerly
876 4135 891 4166 e
901 4120 1013 4181 ehspelry
1025 4125 1049 4166 to
1061 4119 1227 4178 Stoke-ouroy.
