3920 5022
562 606 821 652 vrosconrrusr
847 604 1131 648 nonnosrsnun.
1379 587 1422 644 49

270 754 329 833 eis,
351 763 464 820 contre
483 755 650 824 libertates
677 779 752 822 sues
774 754 986 841 implacitavit
1010 754 1174 840 quendam
1200 761 1423 831 mercatorem,

271 856 328 941 qui
351 865 447 922 natus
470 858 532 923 fuit
556 859 591 923 in
614 859 761 944 partibus
787 857 1021 922 transmarinis.
1068 858 1166 924 Quod
1188 856 1343 941 placitum
1366 855 1423 920 de·

271 959 408 1024 ductum
430 960 494 1025 fuit
511 960 547 1024 in
566 959 707 1026 civitate
725 981 833 1025 coram
848 958 1104 1025 vicecomitibus
1119 957 1377 1046 Londoniaruma
1389 963 1423 1022 et

267 1060 317 1126 ibi
332 1061 551 1126 terminatum.

316 1163 392 1228 Hoc
405 1186 492 1229 anno
506 1164 629 1230 electus
644 1164 894 1245 wintoniensis,
908 1167 949 1232 de
964 1187 1029 1251 quo
1043 1165 1167 1231 mentio
1179 1162 1327 1250 superius
1338 1163 1422 1227 faeta
1434 1191 1471 1241 ιιι
1481 1191 1543 1238 oss„
1554 1193 1626 1254 Em

268 1273 333 1345 est,
358 1266 414 1351 qui
438 1276 644 1332 consecratus
666 1267 730 1332 fuit
752 1268 839 1353 apud
866 1269 1016 1348 Romam,
1041 1267 1175 1333 veniens
1205 1289 1279 1332 cum
1304 1265 1420 1331 litteris
1431 1256 1521 1367 ΨΜ
1502 1257 1594 1318 WW‘
1557 1321 1643 1367 ΜΜ

270 1369 441 1455 papalibus
455 1391 569 1435 versus
590 1369 753 1455 Angliarn,
768 1368 890 1434 obiit
864 1390 947 1434 circa
966 1370 1087 1434 festum
1113 1368 1264 1434 Nathalis
1284 1336 1475 1432 Ι)οιιιίιιὶΜΘ
1433 1385 1507 1431 αισι
1431 1385 1548 1497 affl
1531 1337 1610 1432 verio-

272 1471 474 1587 preteritum,
510 1480 544 1535 et
569 1470 765 1535 Willielmus
792 1470 833 1535 de
856 1470 1010 1536 Valencia
1033 1471 1131 1534 frater
1160 1470 1231 1555 ejus
1260 1468 1393 1534 rediit
1385 1463 1512 1534 snm

268 1572 462 1657 Angliem
435 1593 519 1637 circs
534 1573 692 1638 Pascham
706 1595 765 1658 per
781 1593 953 1638 assensum
968 1573 1145 1637 Beronum.

315 1677 443 1756 Postea,
464 1674 671 1741 venientibus
694 1675 836 1761 quinque
859 1675 1049 1760 septimanis
1075 1683 1152 1758 post
1178 1673 1346 1752 Pascham,
1361 1695 1421 1759 po·

272 1779 372 1842 situm
386 1787 437 1842 est
449 1778 567 1842 iterum
581 1777 616 1841 in
631 1786 781 1862 respectu
804 1797 908 1862 usque
933 1777 975 1841 ad
999 1775 1196 1861 quindenam
1211 1785 1288 1860 post
1300 1777 1421 1840 festum

274 1879 384 1946 Sancti
412 1879 574 1946 lobannis
602 1879 785 1964 predictum
811 1879 971 1964 judicium
999 1879 1085 1943 inter
1113 1878 1362 1944 Londonienses
1387 1889 1422 1944 et

273 1982 424 2048 homines
439 1981 479 2046 de
494 1980 730 2044 Norbamtons.

317 2083 581 2162 Memorandum,
595 2082 683 2167 quod
706 2082 741 2146 in
767 2083 891 2147 Pascha
904 2081 1049 2169 predicta
1066 2079 1231 2147 Dominus
1247 2081 1328 2160 Rex,
1343 2081 1422 2146 dum

274 2186 338 2252 fuit
361 2185 449 2272 apud
465 2183 679 2264 Wintoniam,
704 2185 781 2250 lecit
807 2183 988 2270 capitalem
1009 2183 1230 2250 Justitiarium
1259 2205 1356 2248 suum
1381 2184 1422 2250 de

274 2289 427 2375 Philippo
453 2288 572 2353 Basset
605 2297 718 2352 contm
754 2308 924 2353 assensum
958 2288 1136 2364 Beronum,
1165 2286 1221 2371 qui
1249 2286 1424 2352 noluerunt

272 2392 383 2479 ipsum
397 2390 588 2469 admittere3
611 2398 645 2455 et
668 2389 715 2455 ita
737 2389 798 2455 hac
812 2390 854 2455 de
869 2411 966 2455 eausa
979 2399 1014 2455 et
1027 2389 1098 2454 aliis
1113 2389 1154 2454 de
1167 2388 1274 2454 causis
1289 2395 1360 2454 orta
1373 2399 1425 2460 est

273 2494 433 2560 dissensio
447 2494 533 2558 inter
546 2493 728 2558 Dominum
743 2493 866 2579 Regem
880 2501 914 2559 et
927 2492 1091 2580 predictos
1114 2491 1259 2562 Berones
1279 2501 1313 2558 et
1326 2492 1424 2561 stiam

274 2597 344 2664 sine
358 2597 529 2661 manifesta
542 2595 676 2660 ratione.

361 2698 533 2785 Philippus
549 2697 671 2763 Cissor.

362 2800 520 2865 Ricardus
536 2800 577 2863 de
591 2798 780 2863 Walebrok.

320 2903 396 2970 Hoc
410 2924 497 2967 anno
512 2911 588 2966 ente
606 2899 850 2965 translationem
874 2899 987 2964 Sancti
1011 2900 1163 2965 Edwardi
1187 2899 1354 2985 pacificate
1375 2872 1565 2982 ειτηᾜιῖἕ
1556 2920 1613 2982 wis
1587 2927 1644 2972 ιιιι,

276 3008 420 3093 predicta
446 3003 606 3071 dissensio
629 3003 716 3069 inter
739 3001 921 3067 Dominum
951 3004 1073 3088 Regem
1103 3012 1138 3068 et
1166 3003 1311 3066 Berones
1336 3023 1423 3082 suos,

276 3108 422 3195 predicto
448 3109 536 3194 Rege
561 3117 594 3173 et
620 3105 745 3192 Regina
769 3125 828 3168 sua
852 3111 932 3168 tune
957 3104 1130 3190 hospitatis
1153 3105 1241 3190 apud
1267 3103 1425 3170 Sanctum

278 3210 427 3289 Paulum,
452 3219 486 3274 et
509 3211 598 3295 Rege
620 3207 814 3274 Alemannis
839 3206 927 3292 apud
952 3206 1109 3273 Sancmin
1133 3206 1314 3272 Martinam
1330 3207 1425 3294 Mag·

275 3334 356 3378 num
368 3335 378 3390 3
400 3331 463 3396 que
477 3333 542 3396 pax
564 3335 631 3379 non
658 3312 759 3377 stetit
803 3311 911 3375 Immo
937 3311 1082 3377 Berones
1097 3321 1212 3398 postea
1233 3322 1426 3378 amoverunt

275 3415 482 3482 vicecomites
497 3414 633 3480 Domini
648 3415 747 3500 Regis
762 3434 821 3499 per
839 3413 920 3493 loca,
936 3422 970 3478 et
983 3424 1163 3499 posuerunt
1176 3413 1223 3479 ibi
1237 3413 1328 3494 alios,
1343 3437 1425 3500 quos

274 3516 521 3603 appellavemnt
548 3517 750 3582 “Custodes
777 3512 1002 3580 comitatuum
1011 3515 1044 3594 ;'’
1069 3525 1105 3580 et
1133 3515 1238 3580 adhuc
1263 3536 1330 3580 non
1352 3537 1425 3602 per·

276 3619 436 3684 miserunt
457 3617 669 3696 Justitiarios‚
693 3616 750 3703 qui
766 3613 859 3681 missi
881 3615 1014 3680 fuerunt
1034 3637 1093 3702 per
1114 3637 1249 3701 regnum
1266 3616 1309 3680 ad
1329 3616 1425 3683 itine-

275 3720 425 3798 randum,
439 3719 543 3785 facere
558 3719 700 3785 officium
715 3739 823 3782 suum.

321 3823 397 3887 Hoc
410 3843 497 3887 anno
511 3821 616 3886 laenas
631 3830 682 3887 est
696 3821 806 3888 Maior
818 3819 962 3885 Thomas
976 3817 1063 3883 filius
1077 3819 1214 3886 Tharne.

322 3923 397 3986 Hoc
426 3944 523 4003 anno,
549 3924 584 3987 in
611 3923 865 4008 quadragesima,
891 3921 1056 3986 Dominus
1086 3923 1158 3987 Rex
1186 3924 1264 3990 fecit
1291 3924 1354 4009 legi
1383 3925 1426 3990 ad

278 4044 407 4088 crucem
423 4022 536 4088 Sancti
551 4026 644 4091 Pauli
659 4027 823 4110 quandem
845 4025 969 4089 bullam
985 4025 1072 4110 Pape
1088 4025 1225 4105 Urbani,
1240 4025 1295 4111 qui
1311 4026 1425 4090 eodem

277 4147 366 4190 anno
379 4125 484 4190 factus
499 4138 550 4191 est
564 4128 662 4213 Pape,
685 4129 742 4216 qui
762 4127 966 4194 confirmavit
990 4126 1112 4194 bullam
1123 4127 1303 4214 *Alexandri
1329 4129 1426 4212 Papa,

322 4245 438 4291 cumn.
455 4245 526 4292 soc.
1229 4251 1253 4295 ιι
