<?xml version="1.0" encoding="UTF-8"?>
<!DOCTYPE html PUBLIC "-//W3C//DTD XHTML 1.0 Transitional//EN"
    "http://www.w3.org/TR/xhtml1/DTD/xhtml1-transitional.dtd">
<html xmlns="http://www.w3.org/1999/xhtml" xml:lang="en" lang="en">
 <head>
  <title>
</title>
<meta http-equiv="Content-Type" content="text/html;charset=utf-8" />
  <meta name='ocr-system' content='tesseract 3.04.00' />
  <meta name='ocr-capabilities' content='ocr_page ocr_carea ocr_par ocr_line ocrx_word'/>
</head>
<body>
  <div class='ocr_page' id='page_1' title='image "./deantiquislegib02fitzgoog_0349.png"; bbox 0 0 3920 5022; ppageno 0'>
   <div class='ocr_carea' id='block_1_1' title="bbox 557 585 1414 657">
    <p class='ocr_par' dir='ltr' id='par_1_1' title="bbox 557 585 1414 657">
     <span class='ocr_line' id='line_1_1' title="bbox 557 585 1414 657; baseline -0.001 0"><span class='ocrx_word' id='word_1_1' title='bbox 557 612 814 657; x_wconf 80' lang='lat' dir='ltr'><strong>vrcscourruu</strong></span> <span class='ocrx_word' id='word_1_2' title='bbox 842 609 1125 654; x_wconf 78' lang='lat' dir='ltr'><strong>cosnosraauu.</strong></span> <span class='ocrx_word' id='word_1_3' title='bbox 1374 585 1414 656; x_wconf 80' lang='lat'><strong>73</strong></span> 
     </span>
    </p>
   </div>
   <div class='ocr_carea' id='block_1_2' title="bbox 308 750 1635 878">
    <p class='ocr_par' dir='ltr' id='par_1_2' title="bbox 308 750 1635 878">
     <span class='ocr_line' id='line_1_2' title="bbox 308 750 1635 878; baseline 0.001 -54"><span class='ocrx_word' id='word_1_4' title='bbox 308 762 435 842; x_wconf 80' lang='lat' dir='ltr'><strong>Postea,</strong></span> <span class='ocrx_word' id='word_1_5' title='bbox 462 765 602 850; x_wconf 90' lang='lat' dir='ltr'><strong>septimo</strong></span> <span class='ocrx_word' id='word_1_6' title='bbox 627 763 754 828; x_wconf 91' lang='lat' dir='ltr'><strong>decimo</strong></span> <span class='ocrx_word' id='word_1_7' title='bbox 779 761 831 826; x_wconf 91' lang='lat' dir='ltr'><strong>die</strong></span> <span class='ocrx_word' id='word_1_8' title='bbox 846 761 960 825; x_wconf 88' lang='lat' dir='ltr'><strong>Martii</strong></span> <span class='ocrx_word' id='word_1_9' title='bbox 985 760 1093 825; x_wconf 92' lang='lat' dir='ltr'><strong>Maior</strong></span> <span class='ocrx_word' id='word_1_10' title='bbox 1115 757 1360 824; x_wconf 90' lang='lat' dir='ltr'><strong>Londoniarum</strong></span> <span class='ocrx_word' id='word_1_11' title='bbox 1381 750 1635 878; x_wconf 42' lang='lat' dir='ltr'><strong>&amp;moimmsen</strong></span> 
     </span>
    </p>
   </div>
   <div class='ocr_carea' id='block_1_3' title="bbox 262 859 1634 955">
    <p class='ocr_par' dir='ltr' id='par_1_3' title="bbox 262 859 1634 955">
     <span class='ocr_line' id='line_1_3' title="bbox 262 859 1634 955; baseline 0 -28"><span class='ocrx_word' id='word_1_12' title='bbox 262 864 473 931; x_wconf 88' lang='lat' dir='ltr'><strong>Aldermanni</strong></span> <span class='ocrx_word' id='word_1_13' title='bbox 509 867 543 931; x_wconf 94' lang='lat' dir='ltr'><strong>in</strong></span> <span class='ocrx_word' id='word_1_14' title='bbox 581 867 727 931; x_wconf 84' lang='lat' dir='ltr'><strong>Ecclesia</strong></span> <span class='ocrx_word' id='word_1_15' title='bbox 765 865 876 930; x_wconf 80' lang='lat' dir='ltr'><strong>Sancti</strong></span> <span class='ocrx_word' id='word_1_16' title='bbox 914 864 1006 928; x_wconf 92' lang='lat' dir='ltr'><strong>Pauli</strong></span> <span class='ocrx_word' id='word_1_17' title='bbox 1042 865 1189 928; x_wconf 86' lang='lat' dir='ltr'><strong>lecerunt</strong></span> <span class='ocrx_word' id='word_1_18' title='bbox 1224 859 1412 924; x_wconf 90' lang='lat' dir='ltr'><strong>fidelitatem</strong></span> <span class='ocrx_word' id='word_1_19' title='bbox 1423 883 1634 955; x_wconf 54' lang='lat' dir='ltr'><strong>patremmeum</strong></span> 
     </span>
    </p>
   </div>
   <div class='ocr_carea' id='block_1_4' title="bbox 264 953 1632 1068">
    <p class='ocr_par' dir='ltr' id='par_1_4' title="bbox 264 953 1632 1068">
     <span class='ocr_line' id='line_1_4' title="bbox 264 953 1632 1068; baseline -0.001 -40"><span class='ocrx_word' id='word_1_20' title='bbox 264 965 408 1031; x_wconf 90' lang='lat' dir='ltr'><strong>Domino</strong></span> <span class='ocrx_word' id='word_1_21' title='bbox 435 968 515 1053; x_wconf 83' lang='lat' dir='ltr'>Regi</span> <span class='ocrx_word' id='word_1_22' title='bbox 534 978 613 1033; x_wconf 99' lang='grc' dir='ltr'><strong>ωηο</strong></span> <span class='ocrx_word' id='word_1_23' title='bbox 637 967 758 1034; x_wconf 80' lang='lat' dir='ltr'>ibidem</span> <span class='ocrx_word' id='word_1_24' title='bbox 784 967 946 1046; x_wconf 78' lang='lat' dir='ltr'>existenti,</span> <span class='ocrx_word' id='word_1_25' title='bbox 962 976 996 1032; x_wconf 91' lang='lat' dir='ltr'><strong>et</strong></span> <span class='ocrx_word' id='word_1_26' title='bbox 1009 966 1062 1030; x_wconf 91' lang='lat' dir='ltr'><strong>die</strong></span> <span class='ocrx_word' id='word_1_27' title='bbox 1077 963 1250 1030; x_wconf 88' lang='lat' dir='ltr'><strong>Dominiea</strong></span> <span class='ocrx_word' id='word_1_28' title='bbox 1266 960 1413 1046; x_wconf 87' lang='lat' dir='ltr'><strong>sequenti</strong></span> <span class='ocrx_word' id='word_1_29' title='bbox 1425 953 1632 1068; x_wconf 48' lang='grc' dir='ltr'><strong>ἓζῗιζὲἔῶἰζᾷη,</strong></span> 
     </span>
    </p>
   </div>
   <div class='ocr_carea' id='block_1_5' title="bbox 262 1064 1633 1264">
    <p class='ocr_par' dir='ltr' id='par_1_5' title="bbox 262 1064 1633 1264">
     <span class='ocr_line' id='line_1_5' title="bbox 263 1064 1632 1150; baseline -0.007 -19"><span class='ocrx_word' id='word_1_30' title='bbox 263 1088 376 1134; x_wconf 87' lang='lat' dir='ltr'><strong>omnes</strong></span> <span class='ocrx_word' id='word_1_31' title='bbox 405 1073 446 1135; x_wconf 93' lang='lat' dir='ltr'><strong>de</strong></span> <span class='ocrx_word' id='word_1_32' title='bbox 485 1071 636 1150; x_wconf 76' lang='lat' dir='ltr'><strong>Ciuitate,</strong></span> <span class='ocrx_word' id='word_1_33' title='bbox 666 1072 761 1136; x_wconf 87' lang='lat' dir='ltr'><strong>etatis</strong></span> <span class='ocrx_word' id='word_1_34' title='bbox 792 1071 962 1135; x_wconf 86' lang='lat' dir='ltr'><strong>duodecim</strong></span> <span class='ocrx_word' id='word_1_35' title='bbox 993 1091 1153 1135; x_wconf 91' lang='lat' dir='ltr'><strong>annorum</strong></span> <span class='ocrx_word' id='word_1_36' title='bbox 1190 1077 1224 1132; x_wconf 89' lang='lat' dir='ltr'><strong>et</strong></span> <span class='ocrx_word' id='word_1_37' title='bbox 1259 1064 1411 1149; x_wconf 89' lang='lat' dir='ltr'><strong>amplius,</strong></span> <span class='ocrx_word' id='word_1_38' title='bbox 1425 1075 1537 1149; x_wconf 56' lang='lat' dir='ltr'><strong>modun</strong></span> <span class='ocrx_word' id='word_1_39' title='bbox 1554 1076 1632 1150; x_wconf 56' lang='lat' dir='ltr'><strong>atuo-</strong></span> 
     </span>
     <span class='ocr_line' id='line_1_6' title="bbox 262 1141 1633 1264; baseline -0.006 -31"><span class='ocrx_word' id='word_1_40' title='bbox 262 1170 409 1237; x_wconf 85' lang='lat' dir='ltr'><strong>fecerunt</strong></span> <span class='ocrx_word' id='word_1_41' title='bbox 431 1175 570 1238; x_wconf 89' lang='lat' dir='ltr'><strong>eundem</strong></span> <span class='ocrx_word' id='word_1_42' title='bbox 598 1183 834 1238; x_wconf 84' lang='lat' dir='ltr'><strong>sacramentum</strong></span> <span class='ocrx_word' id='word_1_43' title='bbox 859 1172 994 1257; x_wconf 83' lang='lat' dir='ltr'><strong>quilibet</strong></span> <span class='ocrx_word' id='word_1_44' title='bbox 1016 1173 1051 1236; x_wconf 93' lang='lat' dir='ltr'><strong>in</strong></span> <span class='ocrx_word' id='word_1_45' title='bbox 1074 1171 1196 1235; x_wconf 91' lang='lat' dir='ltr'><strong>Wards</strong></span> <span class='ocrx_word' id='word_1_46' title='bbox 1222 1190 1281 1234; x_wconf 87' lang='lat' dir='ltr'><strong>sua</strong></span> <span class='ocrx_word' id='word_1_47' title='bbox 1304 1187 1411 1232; x_wconf 88' lang='lat' dir='ltr'><strong>coram</strong></span> <span class='ocrx_word' id='word_1_48' title='bbox 1424 1141 1633 1264; x_wconf 48' lang='lat' dir='ltr'><strong>{ffiffgfflu</strong></span> 
     </span>
    </p>
   </div>
   <div class='ocr_carea' id='block_1_6' title="bbox 260 1273 1624 1384">
    <p class='ocr_par' dir='ltr' id='par_1_6' title="bbox 260 1273 1624 1384">
     <span class='ocr_line' id='line_1_7' title="bbox 260 1273 1586 1340; baseline -0.015 -4"><span class='ocrx_word' id='word_1_49' title='bbox 260 1273 480 1339; x_wconf 87' lang='lat' dir='ltr'><strong>Aldermanno</strong></span> <span class='ocrx_word' id='word_1_50' title='bbox 496 1298 567 1340; x_wconf 89' lang='lat' dir='ltr'><strong>suo.</strong></span> <span class='ocrx_word' id='word_1_51' title='bbox 1423 1283 1464 1312; x_wconf 64' lang='lat' dir='ltr'><strong>aaa</strong></span> <span class='ocrx_word' id='word_1_52' title='bbox 1475 1284 1546 1314; x_wconf 66' lang='lat' dir='ltr'><strong>aaa</strong></span> <span class='ocrx_word' id='word_1_53' title='bbox 1556 1277 1586 1316; x_wconf 73' lang='lat' dir='ltr'><strong>aa</strong></span> 
     </span>
     <span class='ocr_line' id='line_1_8' title="bbox 1383 1333 1624 1384; baseline -0.017 0"><span class='ocrx_word' id='word_1_54' title='bbox 1383 1370 1389 1384; x_wconf 86' lang='lat'><em>.</em></span> <span class='ocrx_word' id='word_1_55' title='bbox 1424 1333 1624 1380; x_wconf 59' lang='lat' dir='ltr'><strong>mmmmmmmc</strong></span> 
     </span>
    </p>
   </div>
   <div class='ocr_carea' id='block_1_7' title="bbox 306 1371 1613 1461">
    <p class='ocr_par' dir='ltr' id='par_1_7' title="bbox 306 1371 1613 1461">
     <span class='ocr_line' id='line_1_9' title="bbox 306 1371 1613 1461; baseline -0.005 -20"><span class='ocrx_word' id='word_1_56' title='bbox 306 1377 424 1442; x_wconf 86' lang='lat' dir='ltr'><strong>Postea</strong></span> <span class='ocrx_word' id='word_1_57' title='bbox 438 1379 522 1442; x_wconf 93' lang='lat' dir='ltr'><strong>inter</strong></span> <span class='ocrx_word' id='word_1_58' title='bbox 538 1378 661 1442; x_wconf 79' lang='lat' dir='ltr'><strong>Pascha</strong></span> <span class='ocrx_word' id='word_1_59' title='bbox 672 1388 706 1443; x_wconf 90' lang='lat' dir='ltr'><strong>et</strong></span> <span class='ocrx_word' id='word_1_60' title='bbox 721 1379 935 1443; x_wconf 81' lang='lat' dir='ltr'><strong>Pentecosten</strong></span> <span class='ocrx_word' id='word_1_61' title='bbox 950 1386 1021 1442; x_wconf 82' lang='lat' dir='ltr'><strong>orta</strong></span> <span class='ocrx_word' id='word_1_62' title='bbox 1035 1389 1085 1442; x_wconf 90' lang='lat' dir='ltr'><strong>est</strong></span> <span class='ocrx_word' id='word_1_63' title='bbox 1100 1377 1238 1461; x_wconf 86' lang='lat' dir='ltr'><strong>quedam</strong></span> <span class='ocrx_word' id='word_1_64' title='bbox 1253 1371 1411 1438; x_wconf 82' lang='lat' dir='ltr'><strong>discordis</strong></span> <span class='ocrx_word' id='word_1_65' title='bbox 1423 1397 1493 1442; x_wconf 60' lang='lat' dir='ltr'><strong>mna</strong></span> <span class='ocrx_word' id='word_1_66' title='bbox 1499 1399 1613 1458; x_wconf 48' lang='lat' dir='ltr'><strong>msa„</strong></span> 
     </span>
    </p>
   </div>
   <div class='ocr_carea' id='block_1_8' title="bbox 259 1461 1630 1588">
    <p class='ocr_par' dir='ltr' id='par_1_8' title="bbox 259 1461 1630 1588">
     <span class='ocr_line' id='line_1_10' title="bbox 259 1461 1630 1588; baseline 0.003 -48"><span class='ocrx_word' id='word_1_67' title='bbox 259 1476 345 1542; x_wconf 88' lang='lat' dir='ltr'><strong>inter</strong></span> <span class='ocrx_word' id='word_1_68' title='bbox 374 1478 538 1544; x_wconf 88' lang='lat' dir='ltr'><strong>Comitem</strong></span> <span class='ocrx_word' id='word_1_69' title='bbox 568 1479 768 1544; x_wconf 87' lang='lat' dir='ltr'><strong>Glouvernie</strong></span> <span class='ocrx_word' id='word_1_70' title='bbox 797 1490 831 1544; x_wconf 92' lang='lat' dir='ltr'><strong>et</strong></span> <span class='ocrx_word' id='word_1_71' title='bbox 860 1479 1024 1543; x_wconf 88' lang='lat' dir='ltr'><strong>Comitem</strong></span> <span class='ocrx_word' id='word_1_72' title='bbox 1047 1477 1233 1555; x_wconf 87' lang='lat' dir='ltr'><strong>Leicestrie,</strong></span> <span class='ocrx_word' id='word_1_73' title='bbox 1265 1473 1409 1538; x_wconf 91' lang='lat' dir='ltr'><strong>Domino</strong></span> <span class='ocrx_word' id='word_1_74' title='bbox 1423 1461 1630 1588; x_wconf 50' lang='lat' dir='ltr'><strong>ffl‘fflssg</strong></span> 
     </span>
    </p>
   </div>
   <div class='ocr_carea' id='block_1_9' title="bbox 262 1580 1629 1667">
    <p class='ocr_par' dir='ltr' id='par_1_9' title="bbox 262 1580 1629 1667">
     <span class='ocr_line' id='line_1_11' title="bbox 262 1580 1629 1667; baseline -0.004 -23"><span class='ocrx_word' id='word_1_75' title='bbox 262 1580 351 1665; x_wconf 85' lang='lat' dir='ltr'><strong>Rege</strong></span> <span class='ocrx_word' id='word_1_76' title='bbox 365 1591 444 1646; x_wconf 90' lang='lat' dir='ltr'><strong>tunc</strong></span> <span class='ocrx_word' id='word_1_77' title='bbox 458 1582 615 1666; x_wconf 88' lang='lat' dir='ltr'><strong>temporis</strong></span> <span class='ocrx_word' id='word_1_78' title='bbox 637 1583 797 1647; x_wconf 84' lang='lat' dir='ltr'><strong>existente</strong></span> <span class='ocrx_word' id='word_1_79' title='bbox 812 1583 900 1667; x_wconf 91' lang='lat' dir='ltr'><strong>apud</strong></span> <span class='ocrx_word' id='word_1_80' title='bbox 915 1581 1159 1646; x_wconf 88' lang='lat' dir='ltr'><strong>Glouveruism.</strong></span> <span class='ocrx_word' id='word_1_81' title='bbox 1196 1581 1318 1644; x_wconf 88' lang='lat' dir='ltr'><strong>Comes</strong></span> <span class='ocrx_word' id='word_1_82' title='bbox 1331 1595 1409 1640; x_wconf 86' lang='lat' dir='ltr'><strong>vero</strong></span> <span class='ocrx_word' id='word_1_83' title='bbox 1419 1591 1498 1649; x_wconf 58' lang='lat' dir='ltr'><strong>pado.-</strong></span> <span class='ocrx_word' id='word_1_84' title='bbox 1523 1591 1629 1638; x_wconf 70' lang='lat' dir='ltr'><strong>“amni-</strong></span> 
     </span>
    </p>
   </div>
   <div class='ocr_carea' id='block_1_10' title="bbox 262 1656 1595 1770">
    <p class='ocr_par' dir='ltr' id='par_1_10' title="bbox 262 1656 1595 1770">
     <span class='ocr_line' id='line_1_12' title="bbox 262 1656 1595 1770; baseline -0.007 -24"><span class='ocrx_word' id='word_1_85' title='bbox 262 1681 461 1748; x_wconf 88' lang='lat' dir='ltr'><strong>Glouvernie</strong></span> <span class='ocrx_word' id='word_1_86' title='bbox 471 1684 563 1764; x_wconf 84' lang='lat' dir='ltr'><strong>dixit,</strong></span> <span class='ocrx_word' id='word_1_87' title='bbox 579 1689 599 1720; x_wconf 88' lang='lat'><strong>“</strong></span> <span class='ocrx_word' id='word_1_88' title='bbox 609 1685 696 1769; x_wconf 81' lang='lat' dir='ltr'><strong>qubd</strong></span> <span class='ocrx_word' id='word_1_89' title='bbox 711 1685 820 1770; x_wconf 90' lang='lat' dir='ltr'><strong>plures</strong></span> <span class='ocrx_word' id='word_1_90' title='bbox 832 1684 968 1763; x_wconf 88' lang='lat' dir='ltr'><strong>articuli,</strong></span> <span class='ocrx_word' id='word_1_91' title='bbox 980 1684 1035 1768; x_wconf 95' lang='lat' dir='ltr'><strong>qui</strong></span> <span class='ocrx_word' id='word_1_92' title='bbox 1044 1682 1166 1768; x_wconf 86' lang='lat' dir='ltr'><strong>provisi</strong></span> <span class='ocrx_word' id='word_1_93' title='bbox 1175 1683 1308 1745; x_wconf 89' lang='lat' dir='ltr'><strong>fuerunt</strong></span> <span class='ocrx_word' id='word_1_94' title='bbox 1322 1676 1410 1763; x_wconf 92' lang='lat' dir='ltr'><strong>apud</strong></span> <span class='ocrx_word' id='word_1_95' title='bbox 1422 1669 1461 1765; x_wconf 58' lang='lat'><strong>2⁰⁰3</strong></span> <span class='ocrx_word' id='word_1_96' title='bbox 1471 1656 1595 1767; x_wconf 53' lang='lat' dir='ltr'><strong>siim</strong></span> 
     </span>
    </p>
   </div>
   <div class='ocr_carea' id='block_1_11' title="bbox 258 1783 1631 2380">
    <p class='ocr_par' dir='ltr' id='par_1_11' title="bbox 259 1783 1631 2184">
     <span class='ocr_line' id='line_1_13' title="bbox 260 1783 1630 1873; baseline -0.003 -25"><span class='ocrx_word' id='word_1_97' title='bbox 260 1785 423 1850; x_wconf 89' lang='lat' dir='ltr'><strong>Oxoniam</strong></span> <span class='ocrx_word' id='word_1_98' title='bbox 433 1797 466 1850; x_wconf 90' lang='lat' dir='ltr'><strong>et</strong></span> <span class='ocrx_word' id='word_1_99' title='bbox 481 1787 568 1871; x_wconf 91' lang='lat' dir='ltr'><strong>apud</strong></span> <span class='ocrx_word' id='word_1_100' title='bbox 578 1788 713 1867; x_wconf 83' lang='lat' dir='ltr'><strong>Liawes,</strong></span> <span class='ocrx_word' id='word_1_101' title='bbox 729 1809 795 1852; x_wconf 91' lang='lat' dir='ltr'><strong>non</strong></span> <span class='ocrx_word' id='word_1_102' title='bbox 810 1789 941 1852; x_wconf 85' lang='lat' dir='ltr'><strong>fuerunt</strong></span> <span class='ocrx_word' id='word_1_103' title='bbox 955 1787 1097 1873; x_wconf 83' lang='lat' dir='ltr'><strong>plenarie</strong></span> <span class='ocrx_word' id='word_1_104' title='bbox 1107 1783 1269 1852; x_wconf 85' lang='lat' dir='ltr'><strong>observati</strong></span> <span class='ocrx_word' id='word_1_105' title='bbox 1279 1783 1311 1861; x_wconf 90' lang='lat'><strong>;&#39;&#39;</strong></span> <span class='ocrx_word' id='word_1_106' title='bbox 1327 1801 1408 1867; x_wconf 91' lang='lat' dir='ltr'><strong>quos</strong></span> <span class='ocrx_word' id='word_1_107' title='bbox 1422 1797 1465 1830; x_wconf 72' lang='lat'><strong>⁶⁸⁸⁶</strong></span> <span class='ocrx_word' id='word_1_108' title='bbox 1480 1784 1546 1831; x_wconf 70' lang='lat' dir='ltr'><strong>mou</strong></span> <span class='ocrx_word' id='word_1_109' title='bbox 1559 1785 1630 1859; x_wconf 61' lang='lat' dir='ltr'><strong>rona</strong></span> 
     </span>
     <span class='ocr_line' id='line_1_14' title="bbox 259 1847 1630 1976; baseline 0.006 -24"><span class='ocrx_word' id='word_1_110' title='bbox 259 1888 410 1953; x_wconf 89' lang='lat' dir='ltr'><strong>articulos</strong></span> <span class='ocrx_word' id='word_1_111' title='bbox 441 1889 548 1953; x_wconf 89' lang='lat' dir='ltr'><strong>dictus</strong></span> <span class='ocrx_word' id='word_1_112' title='bbox 579 1890 700 1955; x_wconf 89' lang='lat' dir='ltr'><strong>Comes</strong></span> <span class='ocrx_word' id='word_1_113' title='bbox 736 1892 847 1976; x_wconf 89' lang='lat' dir='ltr'><strong>posuit</strong></span> <span class='ocrx_word' id='word_1_114' title='bbox 876 1892 911 1954; x_wconf 93' lang='lat' dir='ltr'><strong>iu</strong></span> <span class='ocrx_word' id='word_1_115' title='bbox 941 1889 1080 1976; x_wconf 89' lang='lat' dir='ltr'><strong>scriptis.</strong></span> <span class='ocrx_word' id='word_1_116' title='bbox 1147 1889 1252 1973; x_wconf 84' lang='lat' dir='ltr'><strong>Super</strong></span> <span class='ocrx_word' id='word_1_117' title='bbox 1289 1885 1406 1970; x_wconf 86' lang='lat' dir='ltr'><strong>quibus</strong></span> <span class='ocrx_word' id='word_1_118' title='bbox 1420 1847 1630 1960; x_wconf 33' lang='lat' dir='ltr'><strong>&amp;dimid</strong></span> 
     </span>
     <span class='ocr_line' id='line_1_15' title="bbox 259 1976 1631 2078; baseline -0.001 -24"><span class='ocrx_word' id='word_1_119' title='bbox 259 1992 394 2076; x_wconf 87' lang='lat' dir='ltr'><strong>predicti</strong></span> <span class='ocrx_word' id='word_1_120' title='bbox 419 1991 564 2057; x_wconf 85' lang='lat' dir='ltr'><strong>Comites</strong></span> <span class='ocrx_word' id='word_1_121' title='bbox 588 1994 763 2058; x_wconf 87' lang='lat' dir='ltr'><strong>Glovemie</strong></span> <span class='ocrx_word' id='word_1_122' title='bbox 788 2005 822 2058; x_wconf 90' lang='lat' dir='ltr'><strong>et</strong></span> <span class='ocrx_word' id='word_1_123' title='bbox 848 1994 1022 2059; x_wconf 89' lang='lat' dir='ltr'><strong>Leicestrie</strong></span> <span class='ocrx_word' id='word_1_124' title='bbox 1047 2002 1229 2078; x_wconf 90' lang='lat' dir='ltr'><strong>posuerunt</strong></span> <span class='ocrx_word' id='word_1_125' title='bbox 1243 2012 1288 2069; x_wconf 86' lang='lat' dir='ltr'><strong>se,</strong></span> <span class='ocrx_word' id='word_1_126' title='bbox 1304 1976 1631 2054; x_wconf 57' lang='lat' dir='ltr'><strong>sacra-fid‘²⁶⁸⁶⁶d⁶¹&#39;⁰‘l·&#39;&#39;</strong></span> 
     </span>
     <span class='ocr_line' id='line_1_16' title="bbox 260 2091 1587 2184; baseline 0.002 -28"><span class='ocrx_word' id='word_1_127' title='bbox 260 2103 371 2158; x_wconf 89' lang='lat' dir='ltr'><strong>mento</strong></span> <span class='ocrx_word' id='word_1_128' title='bbox 396 2095 533 2179; x_wconf 90' lang='lat' dir='ltr'><strong>prestito</strong></span> <span class='ocrx_word' id='word_1_129' title='bbox 559 2106 592 2161; x_wconf 90' lang='lat' dir='ltr'><strong>et</strong></span> <span class='ocrx_word' id='word_1_130' title='bbox 616 2117 675 2180; x_wconf 86' lang='lat' dir='ltr'><strong>per</strong></span> <span class='ocrx_word' id='word_1_131' title='bbox 703 2097 813 2160; x_wconf 89' lang='lat' dir='ltr'><strong>literas</strong></span> <span class='ocrx_word' id='word_1_132' title='bbox 843 2117 917 2160; x_wconf 91' lang='lat' dir='ltr'><strong>suas</strong></span> <span class='ocrx_word' id='word_1_133' title='bbox 955 2096 1170 2181; x_wconf 85' lang='lat' dir='ltr'><strong>obligatorias,</strong></span> <span class='ocrx_word' id='word_1_134' title='bbox 1206 2095 1242 2158; x_wconf 93' lang='lat' dir='ltr'><strong>iu</strong></span> <span class='ocrx_word' id='word_1_135' title='bbox 1276 2091 1407 2156; x_wconf 91' lang='lat' dir='ltr'><strong>arbitrio</strong></span> <span class='ocrx_word' id='word_1_136' title='bbox 1421 2109 1587 2184; x_wconf 57' lang='lat' dir='ltr'><strong>Doctorum</strong></span> 
     </span>
    </p>

    <p class='ocr_par' dir='ltr' id='par_1_12' title="bbox 258 2179 1631 2380">
     <span class='ocr_line' id='line_1_17' title="bbox 259 2179 1631 2289; baseline -0.002 -30"><span class='ocrx_word' id='word_1_137' title='bbox 259 2195 416 2281; x_wconf 83' lang='lat' dir='ltr'><strong>Episcopi</strong></span> <span class='ocrx_word' id='word_1_138' title='bbox 439 2197 629 2283; x_wconf 88' lang='lat' dir='ltr'><strong>Wygornie,</strong></span> <span class='ocrx_word' id='word_1_139' title='bbox 656 2198 780 2262; x_wconf 91' lang='lat' dir='ltr'><strong>domini</strong></span> <span class='ocrx_word' id='word_1_140' title='bbox 807 2198 959 2282; x_wconf 88' lang='lat' dir='ltr'><strong>Hugonis</strong></span> <span class='ocrx_word' id='word_1_141' title='bbox 988 2199 1019 2263; x_wconf 89' lang='lat' dir='ltr'><strong>le</strong></span> <span class='ocrx_word' id='word_1_142' title='bbox 1054 2199 1250 2283; x_wconf 88' lang='lat' dir='ltr'><strong>Despenser,</strong></span> <span class='ocrx_word' id='word_1_143' title='bbox 1285 2193 1408 2258; x_wconf 90' lang='lat' dir='ltr'><strong>domini</strong></span> <span class='ocrx_word' id='word_1_144' title='bbox 1422 2179 1631 2289; x_wconf 50' lang='lat' dir='ltr'><strong>mmm</strong></span> 
     </span>
     <span class='ocr_line' id='line_1_18' title="bbox 258 2296 1627 2380; baseline -0.001 -18"><span class='ocrx_word' id='word_1_145' title='bbox 258 2298 280 2362; x_wconf 90' lang='lat' dir='ltr'>J</span> <span class='ocrx_word' id='word_1_146' title='bbox 283 2300 419 2364; x_wconf 88' lang='lat' dir='ltr'><strong>ohannis</strong></span> <span class='ocrx_word' id='word_1_147' title='bbox 434 2299 492 2364; x_wconf 94' lang='lat' dir='ltr'><strong>filii</strong></span> <span class='ocrx_word' id='word_1_148' title='bbox 506 2300 528 2364; x_wconf 91' lang='lat' dir='ltr'>J</span> <span class='ocrx_word' id='word_1_149' title='bbox 531 2301 680 2380; x_wconf 87' lang='lat' dir='ltr'><strong>ohannis,</strong></span> <span class='ocrx_word' id='word_1_150' title='bbox 696 2309 729 2364; x_wconf 90' lang='lat' dir='ltr'><strong>et</strong></span> <span class='ocrx_word' id='word_1_151' title='bbox 749 2300 874 2365; x_wconf 93' lang='lat' dir='ltr'><strong>domini</strong></span> <span class='ocrx_word' id='word_1_152' title='bbox 884 2299 1053 2365; x_wconf 90' lang='lat' dir='ltr'><strong>Willielmi</strong></span> <span class='ocrx_word' id='word_1_153' title='bbox 1068 2301 1108 2366; x_wconf 91' lang='lat' dir='ltr'><strong>de</strong></span> <span class='ocrx_word' id='word_1_154' title='bbox 1125 2299 1242 2364; x_wconf 88' lang='lat' dir='ltr'><strong>Monte</strong></span> <span class='ocrx_word' id='word_1_155' title='bbox 1255 2296 1406 2368; x_wconf 74' lang='lat' dir='ltr'><strong>Canisio:</strong></span> <span class='ocrx_word' id='word_1_156' title='bbox 1424 2303 1532 2377; x_wconf 64' lang='lat' dir='ltr'><strong>commu</strong></span> <span class='ocrx_word' id='word_1_157' title='bbox 1539 2307 1627 2354; x_wconf 69' lang='lat' dir='ltr'><strong>Leta-</strong></span> 
     </span>
    </p>
   </div>
   <div class='ocr_carea' id='block_1_12' title="bbox 259 2373 1470 2483">
    <p class='ocr_par' dir='ltr' id='par_1_13' title="bbox 259 2373 1470 2483">
     <span class='ocr_line' id='line_1_19' title="bbox 259 2373 1470 2483; baseline 0.007 -20"><span class='ocrx_word' id='word_1_158' title='bbox 259 2401 346 2483; x_wconf 90' lang='lat' dir='ltr'><strong>quod</strong></span> <span class='ocrx_word' id='word_1_159' title='bbox 360 2401 401 2465; x_wconf 91' lang='lat' dir='ltr'><strong>ad</strong></span> <span class='ocrx_word' id='word_1_160' title='bbox 416 2403 567 2466; x_wconf 89' lang='lat' dir='ltr'><strong>effectum</strong></span> <span class='ocrx_word' id='word_1_161' title='bbox 582 2424 650 2467; x_wconf 93' lang='lat' dir='ltr'><strong>non</strong></span> <span class='ocrx_word' id='word_1_162' title='bbox 665 2402 766 2468; x_wconf 88' lang='lat' dir='ltr'><strong>venit.</strong></span> <span class='ocrx_word' id='word_1_163' title='bbox 1421 2373 1470 2415; x_wconf 56' lang='lat' dir='ltr'><strong>&#39;m</strong></span> 
     </span>
    </p>
   </div>
   <div class='ocr_carea' id='block_1_13' title="bbox 257 2503 1629 2895">
    <p class='ocr_par' dir='ltr' id='par_1_14' title="bbox 257 2503 1629 2895">
     <span class='ocr_line' id='line_1_20' title="bbox 302 2503 1629 2600; baseline 0.001 -34"><span class='ocrx_word' id='word_1_164' title='bbox 302 2503 375 2567; x_wconf 91' lang='lat' dir='ltr'><strong>Hoc</strong></span> <span class='ocrx_word' id='word_1_165' title='bbox 399 2526 485 2568; x_wconf 87' lang='lat' dir='ltr'><strong>anno</strong></span> <span class='ocrx_word' id='word_1_166' title='bbox 510 2527 569 2589; x_wconf 89' lang='lat' dir='ltr'><strong>per</strong></span> <span class='ocrx_word' id='word_1_167' title='bbox 594 2527 763 2569; x_wconf 88' lang='lat' dir='ltr'><strong>assensum</strong></span> <span class='ocrx_word' id='word_1_168' title='bbox 786 2513 820 2569; x_wconf 91' lang='lat' dir='ltr'><strong>et</strong></span> <span class='ocrx_word' id='word_1_169' title='bbox 843 2526 1038 2569; x_wconf 90' lang='lat' dir='ltr'><strong>consensum</strong></span> <span class='ocrx_word' id='word_1_170' title='bbox 1053 2505 1255 2589; x_wconf 89' lang='lat' dir='ltr'><strong>quorundam</strong></span> <span class='ocrx_word' id='word_1_171' title='bbox 1271 2504 1407 2589; x_wconf 89' lang='lat' dir='ltr'><strong>Magna-</strong></span> <span class='ocrx_word' id='word_1_172' title='bbox 1420 2539 1456 2585; x_wconf 75' lang='lat' dir='ltr'><strong>De</strong></span> <span class='ocrx_word' id='word_1_173' title='bbox 1466 2539 1629 2600; x_wconf 52' lang='lat' dir='ltr'><strong>mim,</strong></span> 
     </span>
     <span class='ocr_line' id='line_1_21' title="bbox 257 2603 1598 2715; baseline 0.001 -46"><span class='ocrx_word' id='word_1_174' title='bbox 257 2616 328 2670; x_wconf 92' lang='lat' dir='ltr'><strong>tum</strong></span> <span class='ocrx_word' id='word_1_175' title='bbox 353 2607 480 2692; x_wconf 90' lang='lat' dir='ltr'><strong>Anglie,</strong></span> <span class='ocrx_word' id='word_1_176' title='bbox 506 2609 638 2688; x_wconf 90' lang='lat' dir='ltr'><strong>scilicet,</strong></span> <span class='ocrx_word' id='word_1_177' title='bbox 665 2609 805 2673; x_wconf 88' lang='lat' dir='ltr'><strong>Comitis</strong></span> <span class='ocrx_word' id='word_1_178' title='bbox 830 2609 1005 2674; x_wconf 88' lang='lat' dir='ltr'><strong>Leieestrie</strong></span> <span class='ocrx_word' id='word_1_179' title='bbox 1029 2617 1063 2673; x_wconf 88' lang='lat' dir='ltr'><strong>et</strong></span> <span class='ocrx_word' id='word_1_180' title='bbox 1091 2609 1233 2673; x_wconf 87' lang='lat' dir='ltr'><strong>filiorum</strong></span> <span class='ocrx_word' id='word_1_181' title='bbox 1262 2630 1406 2688; x_wconf 90' lang='lat' dir='ltr'><strong>suorum,</strong></span> <span class='ocrx_word' id='word_1_182' title='bbox 1420 2603 1598 2715; x_wconf 45' lang='lat' dir='ltr'><strong>amm,</strong></span> 
     </span>
     <span class='ocr_line' id='line_1_22' title="bbox 258 2704 1604 2794; baseline 0.002 -23"><span class='ocrx_word' id='word_1_183' title='bbox 258 2708 408 2774; x_wconf 92' lang='lat' dir='ltr'><strong>homines</strong></span> <span class='ocrx_word' id='word_1_184' title='bbox 420 2710 460 2774; x_wconf 94' lang='lat' dir='ltr'><strong>de</strong></span> <span class='ocrx_word' id='word_1_185' title='bbox 477 2709 630 2794; x_wconf 79' lang='lat' dir='ltr'><strong>Quinque</strong></span> <span class='ocrx_word' id='word_1_186' title='bbox 647 2709 810 2773; x_wconf 89' lang='lat' dir='ltr'><strong>Portubus</strong></span> <span class='ocrx_word' id='word_1_187' title='bbox 825 2711 1059 2793; x_wconf 89' lang='lat' dir='ltr'><strong>navigaverunt</strong></span> <span class='ocrx_word' id='word_1_188' title='bbox 1079 2730 1137 2792; x_wconf 91' lang='lat' dir='ltr'><strong>per</strong></span> <span class='ocrx_word' id='word_1_189' title='bbox 1158 2710 1295 2773; x_wconf 89' lang='lat' dir='ltr'><strong>marein</strong></span> <span class='ocrx_word' id='word_1_190' title='bbox 1310 2711 1405 2774; x_wconf 86' lang='lat' dir='ltr'><strong>caleis</strong></span> <span class='ocrx_word' id='word_1_191' title='bbox 1598 2704 1604 2716; x_wconf 86' lang='grc'><strong>’</strong></span> 
     </span>
     <span class='ocr_line' id='line_1_23' title="bbox 258 2810 1406 2895; baseline -0.002 -19"><span class='ocrx_word' id='word_1_192' title='bbox 258 2821 292 2876; x_wconf 90' lang='lat' dir='ltr'><strong>et</strong></span> <span class='ocrx_word' id='word_1_193' title='bbox 306 2812 376 2876; x_wconf 86' lang='lat' dir='ltr'><strong>aliis</strong></span> <span class='ocrx_word' id='word_1_194' title='bbox 390 2811 539 2890; x_wconf 87' lang='lat' dir='ltr'><strong>navibus,</strong></span> <span class='ocrx_word' id='word_1_195' title='bbox 555 2812 768 2894; x_wconf 88' lang='lat' dir='ltr'><strong>depredantes</strong></span> <span class='ocrx_word' id='word_1_196' title='bbox 791 2829 904 2874; x_wconf 88' lang='lat' dir='ltr'><strong>omnes</strong></span> <span class='ocrx_word' id='word_1_197' title='bbox 927 2833 1008 2895; x_wconf 91' lang='lat' dir='ltr'><strong>quos</strong></span> <span class='ocrx_word' id='word_1_198' title='bbox 1030 2810 1225 2875; x_wconf 83' lang='lat' dir='ltr'><strong>invenerunt</strong></span> <span class='ocrx_word' id='word_1_199' title='bbox 1239 2811 1406 2875; x_wconf 87' lang='lat' dir='ltr'><strong>venientes</strong></span> 
     </span>
    </p>
   </div>
   <div class='ocr_carea' id='block_1_14' title="bbox 259 2911 1405 3000">
    <p class='ocr_par' dir='ltr' id='par_1_15' title="bbox 259 2911 1405 3000">
     <span class='ocr_line' id='line_1_24' title="bbox 259 2911 1405 3000; baseline -0.004 -22"><span class='ocrx_word' id='word_1_200' title='bbox 259 2914 293 2978; x_wconf 89' lang='lat' dir='ltr'><strong>in</strong></span> <span class='ocrx_word' id='word_1_201' title='bbox 316 2916 466 3000; x_wconf 87' lang='lat' dir='ltr'><strong>Angliam</strong></span> <span class='ocrx_word' id='word_1_202' title='bbox 491 2937 549 2979; x_wconf 89' lang='lat' dir='ltr'><strong>seu</strong></span> <span class='ocrx_word' id='word_1_203' title='bbox 573 2923 740 2992; x_wconf 88' lang='lat' dir='ltr'><strong>exeuntes,</strong></span> <span class='ocrx_word' id='word_1_204' title='bbox 766 2923 801 2977; x_wconf 91' lang='lat' dir='ltr'><strong>et</strong></span> <span class='ocrx_word' id='word_1_205' title='bbox 822 2913 972 2978; x_wconf 89' lang='lat' dir='ltr'><strong>homines</strong></span> <span class='ocrx_word' id='word_1_206' title='bbox 995 2912 1165 2976; x_wconf 89' lang='lat' dir='ltr'><strong>crudeliter</strong></span> <span class='ocrx_word' id='word_1_207' title='bbox 1187 2913 1350 2995; x_wconf 88' lang='lat' dir='ltr'><strong>ejecerunt</strong></span> <span class='ocrx_word' id='word_1_208' title='bbox 1371 2911 1405 2974; x_wconf 94' lang='lat' dir='ltr'><strong>in</strong></span> 
     </span>
    </p>
   </div>
   <div class='ocr_carea' id='block_1_15' title="bbox 254 3013 1624 4233">
    <p class='ocr_par' dir='ltr' id='par_1_16' title="bbox 257 3013 1406 3307">
     <span class='ocr_line' id='line_1_25' title="bbox 258 3013 1406 3103; baseline -0.003 -22"><span class='ocrx_word' id='word_1_209' title='bbox 258 3040 357 3096; x_wconf 90' lang='lat' dir='ltr'><strong>mare,</strong></span> <span class='ocrx_word' id='word_1_210' title='bbox 383 3018 465 3081; x_wconf 88' lang='lat' dir='ltr'><strong>nulli</strong></span> <span class='ocrx_word' id='word_1_211' title='bbox 488 3027 669 3103; x_wconf 83' lang='lat' dir='ltr'><strong>parcentes,</strong></span> <span class='ocrx_word' id='word_1_212' title='bbox 698 3027 766 3081; x_wconf 90' lang='lat' dir='ltr'><strong>tam</strong></span> <span class='ocrx_word' id='word_1_213' title='bbox 795 3016 949 3102; x_wconf 90' lang='lat' dir='ltr'><strong>Anglicos</strong></span> <span class='ocrx_word' id='word_1_214' title='bbox 979 3039 1076 3102; x_wconf 90' lang='lat' dir='ltr'><strong>quarn</strong></span> <span class='ocrx_word' id='word_1_215' title='bbox 1106 3013 1309 3098; x_wconf 86' lang='lat' dir='ltr'><strong>alienigenas.</strong></span> <span class='ocrx_word' id='word_1_216' title='bbox 1353 3014 1406 3077; x_wconf 93' lang='lat' dir='ltr'><strong>De</strong></span> 
     </span>
     <span class='ocr_line' id='line_1_26' title="bbox 258 3115 1405 3205; baseline -0.002 -23"><span class='ocrx_word' id='word_1_217' title='bbox 258 3127 327 3182; x_wconf 91' lang='lat' dir='ltr'><strong>tota</strong></span> <span class='ocrx_word' id='word_1_218' title='bbox 355 3140 432 3183; x_wconf 78' lang='lat' dir='ltr'><strong>vero</strong></span> <span class='ocrx_word' id='word_1_219' title='bbox 460 3119 689 3205; x_wconf 87' lang='lat' dir='ltr'><strong>depredatione</strong></span> <span class='ocrx_word' id='word_1_220' title='bbox 719 3118 825 3183; x_wconf 91' lang='lat' dir='ltr'><strong>dictus</strong></span> <span class='ocrx_word' id='word_1_221' title='bbox 856 3117 976 3182; x_wconf 91' lang='lat' dir='ltr'><strong>Comes</strong></span> <span class='ocrx_word' id='word_1_222' title='bbox 1006 3115 1181 3182; x_wconf 86' lang='lat' dir='ltr'><strong>Leicestrie</strong></span> <span class='ocrx_word' id='word_1_223' title='bbox 1204 3124 1238 3181; x_wconf 90' lang='lat' dir='ltr'><strong>et</strong></span> <span class='ocrx_word' id='word_1_224' title='bbox 1266 3115 1324 3179; x_wconf 94' lang='lat' dir='ltr'><strong>filii</strong></span> <span class='ocrx_word' id='word_1_225' title='bbox 1355 3116 1405 3180; x_wconf 92' lang='lat' dir='ltr'><strong>sui</strong></span> 
     </span>
     <span class='ocr_line' id='line_1_27' title="bbox 257 3222 1017 3307; baseline 0.003 -23"><span class='ocrx_word' id='word_1_226' title='bbox 257 3231 480 3306; x_wconf 88' lang='lat' dir='ltr'><strong>perceperunt,</strong></span> <span class='ocrx_word' id='word_1_227' title='bbox 495 3233 533 3286; x_wconf 91' lang='lat' dir='ltr'><strong>ut</strong></span> <span class='ocrx_word' id='word_1_228' title='bbox 548 3222 723 3303; x_wconf 85' lang='lat' dir='ltr'><strong>dicebatur,</strong></span> <span class='ocrx_word' id='word_1_229' title='bbox 739 3222 867 3287; x_wconf 87' lang='lat' dir='ltr'><strong>tertiam</strong></span> <span class='ocrx_word' id='word_1_230' title='bbox 881 3232 1017 3307; x_wconf 88' lang='lat' dir='ltr'><strong>partem.</strong></span> 
     </span>
    </p>

    <p class='ocr_par' dir='ltr' id='par_1_17' title="bbox 255 3323 1624 3719">
     <span class='ocr_line' id='line_1_28' title="bbox 301 3323 1595 3411; baseline 0.001 -22"><span class='ocrx_word' id='word_1_231' title='bbox 301 3326 428 3405; x_wconf 87' lang='lat' dir='ltr'><strong>Postea,</strong></span> <span class='ocrx_word' id='word_1_232' title='bbox 453 3326 505 3389; x_wconf 91' lang='lat' dir='ltr'><strong>die</strong></span> <span class='ocrx_word' id='word_1_233' title='bbox 530 3326 624 3392; x_wconf 88' lang='lat' dir='ltr'><strong>Jovis</strong></span> <span class='ocrx_word' id='word_1_234' title='bbox 649 3327 684 3390; x_wconf 88' lang='lat' dir='ltr'><strong>in</strong></span> <span class='ocrx_word' id='word_1_235' title='bbox 710 3326 891 3411; x_wconf 84' lang='lat' dir='ltr'><strong>septimana</strong></span> <span class='ocrx_word' id='word_1_236' title='bbox 914 3327 1135 3404; x_wconf 90' lang='lat' dir='ltr'><strong>Pentecostes,</strong></span> <span class='ocrx_word' id='word_1_237' title='bbox 1158 3323 1320 3410; x_wconf 77' lang='lat' dir='ltr'><strong>Dominus</strong></span> <span class='ocrx_word' id='word_1_238' title='bbox 1336 3324 1403 3388; x_wconf 85' lang='lat' dir='ltr'><strong>Ed·</strong></span> <span class='ocrx_word' id='word_1_239' title='bbox 1416 3349 1533 3398; x_wconf 63' lang='lat' dir='ltr'><strong>nostiusa</strong></span> <span class='ocrx_word' id='word_1_240' title='bbox 1545 3354 1595 3400; x_wconf 65' lang='lat' dir='ltr'><strong>ud.</strong></span> 
     </span>
     <span class='ocr_line' id='line_1_29' title="bbox 256 3417 1608 3529; baseline 0 -37"><span class='ocrx_word' id='word_1_241' title='bbox 256 3428 384 3493; x_wconf 88' lang='lat' dir='ltr'><strong>wardus</strong></span> <span class='ocrx_word' id='word_1_242' title='bbox 407 3429 540 3493; x_wconf 88' lang='lat' dir='ltr'><strong>recessit</strong></span> <span class='ocrx_word' id='word_1_243' title='bbox 566 3430 606 3494; x_wconf 94' lang='lat' dir='ltr'><strong>de</strong></span> <span class='ocrx_word' id='word_1_244' title='bbox 630 3429 823 3495; x_wconf 85' lang='lat' dir='ltr'><strong>Herefordia</strong></span> <span class='ocrx_word' id='word_1_245' title='bbox 845 3429 914 3494; x_wconf 91' lang='lat' dir='ltr'><strong>sine</strong></span> <span class='ocrx_word' id='word_1_246' title='bbox 936 3429 1079 3507; x_wconf 86' lang='lat' dir='ltr'><strong>licencia,</strong></span> <span class='ocrx_word' id='word_1_247' title='bbox 1094 3427 1308 3492; x_wconf 80' lang='lat' dir='ltr'><strong>existentibus</strong></span> <span class='ocrx_word' id='word_1_248' title='bbox 1324 3438 1402 3492; x_wconf 92' lang='lat' dir='ltr'><strong>tunc</strong></span> <span class='ocrx_word' id='word_1_249' title='bbox 1415 3417 1608 3529; x_wconf 47' lang='lat' dir='ltr'><strong>ffiffff‘</strong></span> 
     </span>
     <span class='ocr_line' id='line_1_30' title="bbox 255 3530 1624 3620; baseline 0 -26"><span class='ocrx_word' id='word_1_250' title='bbox 255 3530 377 3595; x_wconf 93' lang='lat' dir='ltr'><strong>ibidem</strong></span> <span class='ocrx_word' id='word_1_251' title='bbox 393 3532 536 3598; x_wconf 90' lang='lat' dir='ltr'><strong>Domino</strong></span> <span class='ocrx_word' id='word_1_252' title='bbox 553 3534 652 3619; x_wconf 85' lang='lat' dir='ltr'><strong>Rege,</strong></span> <span class='ocrx_word' id='word_1_253' title='bbox 668 3532 797 3598; x_wconf 86' lang='lat' dir='ltr'><strong>Comite</strong></span> <span class='ocrx_word' id='word_1_254' title='bbox 820 3531 1004 3611; x_wconf 86' lang='lat' dir='ltr'><strong>Leicestrie,</strong></span> <span class='ocrx_word' id='word_1_255' title='bbox 1027 3541 1061 3596; x_wconf 91' lang='lat' dir='ltr'><strong>et</strong></span> <span class='ocrx_word' id='word_1_256' title='bbox 1075 3531 1185 3595; x_wconf 91' lang='lat' dir='ltr'><strong>multis</strong></span> <span class='ocrx_word' id='word_1_257' title='bbox 1205 3531 1275 3594; x_wconf 86' lang='lat' dir='ltr'><strong>aliis</strong></span> <span class='ocrx_word' id='word_1_258' title='bbox 1292 3530 1400 3595; x_wconf 89' lang='lat' dir='ltr'><strong>Comi·</strong></span> <span class='ocrx_word' id='word_1_259' title='bbox 1414 3546 1624 3620; x_wconf 64' lang='lat' dir='ltr'><strong>corruuompu-</strong></span> 
     </span>
     <span class='ocr_line' id='line_1_31' title="bbox 255 3610 1541 3719; baseline -0.001 -22"><span class='ocrx_word' id='word_1_260' title='bbox 255 3633 342 3697; x_wconf 89' lang='lat' dir='ltr'><strong>tibus</strong></span> <span class='ocrx_word' id='word_1_261' title='bbox 359 3643 392 3698; x_wconf 91' lang='lat' dir='ltr'><strong>et</strong></span> <span class='ocrx_word' id='word_1_262' title='bbox 407 3634 612 3714; x_wconf 84' lang='lat' dir='ltr'><strong>Beronibus3</strong></span> <span class='ocrx_word' id='word_1_263' title='bbox 634 3645 668 3698; x_wconf 90' lang='lat' dir='ltr'><strong>et</strong></span> <span class='ocrx_word' id='word_1_264' title='bbox 697 3635 861 3719; x_wconf 84' lang='lat' dir='ltr'><strong>proiectus</strong></span> <span class='ocrx_word' id='word_1_265' title='bbox 877 3644 927 3698; x_wconf 88' lang='lat' dir='ltr'><strong>est</strong></span> <span class='ocrx_word' id='word_1_266' title='bbox 941 3655 1053 3698; x_wconf 86' lang='lat' dir='ltr'><strong>versus</strong></span> <span class='ocrx_word' id='word_1_267' title='bbox 1071 3633 1241 3698; x_wconf 89' lang='lat' dir='ltr'><strong>Cestriam.</strong></span> <span class='ocrx_word' id='word_1_268' title='bbox 1414 3610 1541 3658; x_wconf 66' lang='lat' dir='ltr'><strong>alcun.</strong></span> 
     </span>
    </p>

    <p class='ocr_par' dir='ltr' id='par_1_18' title="bbox 254 3734 1402 4233">
     <span class='ocr_line' id='line_1_32' title="bbox 300 3734 1402 3816; baseline -0.001 -16"><span class='ocrx_word' id='word_1_269' title='bbox 300 3738 418 3801; x_wconf 88' lang='lat' dir='ltr'><strong>Postea</strong></span> <span class='ocrx_word' id='word_1_270' title='bbox 443 3738 606 3802; x_wconf 89' lang='lat' dir='ltr'><strong>Dominus</strong></span> <span class='ocrx_word' id='word_1_271' title='bbox 629 3737 820 3816; x_wconf 82' lang='lat' dir='ltr'><strong>Edwardus,</strong></span> <span class='ocrx_word' id='word_1_272' title='bbox 842 3736 996 3801; x_wconf 90' lang='lat' dir='ltr'><strong>comitato</strong></span> <span class='ocrx_word' id='word_1_273' title='bbox 1019 3757 1127 3801; x_wconf 87' lang='lat' dir='ltr'><strong>secum</strong></span> <span class='ocrx_word' id='word_1_274' title='bbox 1153 3736 1282 3800; x_wconf 88' lang='lat' dir='ltr'><strong>Comite</strong></span> <span class='ocrx_word' id='word_1_275' title='bbox 1298 3734 1402 3799; x_wconf 90' lang='lat' dir='ltr'><strong>Glou·</strong></span> 
     </span>
     <span class='ocr_line' id='line_1_33' title="bbox 255 3837 1402 3920; baseline 0.001 -19"><span class='ocrx_word' id='word_1_276' title='bbox 255 3839 364 3903; x_wconf 83' lang='lat' dir='ltr'><strong>vemie</strong></span> <span class='ocrx_word' id='word_1_277' title='bbox 389 3849 423 3902; x_wconf 92' lang='lat' dir='ltr'><strong>et</strong></span> <span class='ocrx_word' id='word_1_278' title='bbox 448 3839 631 3905; x_wconf 82' lang='lat' dir='ltr'><strong>Beronibus</strong></span> <span class='ocrx_word' id='word_1_279' title='bbox 657 3841 698 3904; x_wconf 88' lang='lat' dir='ltr'><strong>de</strong></span> <span class='ocrx_word' id='word_1_280' title='bbox 722 3839 869 3905; x_wconf 88' lang='lat' dir='ltr'><strong>Marchia</strong></span> <span class='ocrx_word' id='word_1_281' title='bbox 894 3848 928 3904; x_wconf 88' lang='lat' dir='ltr'><strong>et</strong></span> <span class='ocrx_word' id='word_1_282' title='bbox 951 3839 1033 3920; x_wconf 85' lang='lat' dir='ltr'><strong>aliis,</strong></span> <span class='ocrx_word' id='word_1_283' title='bbox 1055 3849 1089 3902; x_wconf 87' lang='lat' dir='ltr'><strong>et</strong></span> <span class='ocrx_word' id='word_1_284' title='bbox 1103 3838 1200 3903; x_wconf 89' lang='lat' dir='ltr'><strong>etiam</strong></span> <span class='ocrx_word' id='word_1_285' title='bbox 1217 3837 1346 3902; x_wconf 91' lang='lat' dir='ltr'><strong>Comite</strong></span> <span class='ocrx_word' id='word_1_286' title='bbox 1362 3839 1402 3902; x_wconf 94' lang='lat' dir='ltr'><strong>de</strong></span> 
     </span>
     <span class='ocr_line' id='line_1_34' title="bbox 254 3940 1402 4026; baseline 0.001 -24"><span class='ocrx_word' id='word_1_287' title='bbox 254 3940 431 4004; x_wconf 89' lang='lat' dir='ltr'><strong>Warennia</strong></span> <span class='ocrx_word' id='word_1_288' title='bbox 445 3952 478 4005; x_wconf 92' lang='lat' dir='ltr'><strong>et</strong></span> <span class='ocrx_word' id='word_1_289' title='bbox 492 3942 669 4007; x_wconf 91' lang='lat' dir='ltr'><strong>Willielmo</strong></span> <span class='ocrx_word' id='word_1_290' title='bbox 684 3943 726 4007; x_wconf 91' lang='lat' dir='ltr'><strong>de</strong></span> <span class='ocrx_word' id='word_1_291' title='bbox 739 3941 903 4020; x_wconf 88' lang='lat' dir='ltr'><strong>Valencia,</strong></span> <span class='ocrx_word' id='word_1_292' title='bbox 929 3942 984 4026; x_wconf 90' lang='lat' dir='ltr'><strong>qui</strong></span> <span class='ocrx_word' id='word_1_293' title='bbox 1006 3962 1111 4024; x_wconf 87' lang='lat' dir='ltr'><strong>nuper</strong></span> <span class='ocrx_word' id='word_1_294' title='bbox 1132 3950 1227 4004; x_wconf 90' lang='lat' dir='ltr'><strong>antea</strong></span> <span class='ocrx_word' id='word_1_295' title='bbox 1239 3940 1402 4025; x_wconf 81' lang='lat' dir='ltr'><strong>applicue-</strong></span> 
     </span>
     <span class='ocr_line' id='line_1_35' title="bbox 255 4043 1402 4130; baseline 0 -23"><span class='ocrx_word' id='word_1_296' title='bbox 255 4053 332 4107; x_wconf 92' lang='lat' dir='ltr'><strong>runt</strong></span> <span class='ocrx_word' id='word_1_297' title='bbox 356 4044 443 4127; x_wconf 89' lang='lat' dir='ltr'><strong>apud</strong></span> <span class='ocrx_word' id='word_1_298' title='bbox 470 4045 631 4124; x_wconf 88' lang='lat' dir='ltr'><strong>Penbrok,</strong></span> <span class='ocrx_word' id='word_1_299' title='bbox 655 4045 743 4130; x_wconf 90' lang='lat' dir='ltr'><strong>cepit</strong></span> <span class='ocrx_word' id='word_1_300' title='bbox 769 4044 979 4108; x_wconf 88' lang='lat' dir='ltr'><strong>Gloverniam</strong></span> <span class='ocrx_word' id='word_1_301' title='bbox 1005 4054 1038 4108; x_wconf 92' lang='lat' dir='ltr'><strong>et</strong></span> <span class='ocrx_word' id='word_1_302' title='bbox 1065 4043 1255 4108; x_wconf 86' lang='lat' dir='ltr'><strong>Castellum.</strong></span> <span class='ocrx_word' id='word_1_303' title='bbox 1309 4045 1402 4107; x_wconf 84' lang='lat' dir='ltr'><strong>Tunc</strong></span> 
     </span>
     <span class='ocr_line' id='line_1_36' title="bbox 255 4136 1402 4233; baseline 0.002 -25"><span class='ocrx_word' id='word_1_304' title='bbox 255 4136 418 4208; x_wconf 84' lang='lat' dir='ltr'><strong>Dominus</strong></span> <span class='ocrx_word' id='word_1_305' title='bbox 460 4147 530 4210; x_wconf 86' lang='lat' dir='ltr'><strong>Rex</strong></span> <span class='ocrx_word' id='word_1_306' title='bbox 558 4169 616 4233; x_wconf 91' lang='lat' dir='ltr'><strong>per</strong></span> <span class='ocrx_word' id='word_1_307' title='bbox 652 4149 800 4233; x_wconf 91' lang='lat' dir='ltr'><strong>iniquum</strong></span> <span class='ocrx_word' id='word_1_308' title='bbox 837 4147 1008 4212; x_wconf 89' lang='lat' dir='ltr'><strong>consilium</strong></span> <span class='ocrx_word' id='word_1_309' title='bbox 1047 4146 1206 4210; x_wconf 89' lang='lat' dir='ltr'><strong>concessit</strong></span> <span class='ocrx_word' id='word_1_310' title='bbox 1242 4155 1276 4210; x_wconf 88' lang='lat' dir='ltr'><strong>et</strong></span> <span class='ocrx_word' id='word_1_311' title='bbox 1312 4146 1402 4210; x_wconf 88' lang='lat' dir='ltr'><strong>dedit</strong></span> 
     </span>
    </p>
   </div>
   <div class='ocr_carea' id='block_1_16' title="bbox 297 4268 837 4313">
    <p class='ocr_par' dir='ltr' id='par_1_19' title="bbox 297 4268 837 4313">
     <span class='ocr_line' id='line_1_37' title="bbox 297 4268 837 4313; baseline 0.006 -3"><span class='ocrx_word' id='word_1_312' title='bbox 297 4268 411 4312; x_wconf 79' lang='lat' dir='ltr'><strong>CAMD.</strong></span> <span class='ocrx_word' id='word_1_313' title='bbox 435 4268 509 4313; x_wconf 82' lang='grc'><strong>100.</strong></span> <span class='ocrx_word' id='word_1_314' title='bbox 815 4271 837 4313; x_wconf 83' lang='lat' dir='ltr'>L</span> 
     </span>
    </p>
   </div>
   <div class='ocr_carea' id='block_1_17' title="bbox 0 0 1964 5022">
    <p class='ocr_par' dir='ltr' id='par_1_20' title="bbox 0 0 1964 5022">
     <span class='ocr_line' id='line_1_38' title="bbox 0 0 1964 5022; baseline 0 3"><span class='ocrx_word' id='word_1_315' title='bbox 0 0 1964 5022; x_wconf 95' lang='lat' dir='ltr'><strong> </strong></span> 
     </span>
    </p>
   </div>
  </div>
 </body>
</html>
