3886 5010
756 575 953 620 serenent.
1337 564 1400 618 233

250 730 316 776 diota
326 729 406 775 sreris
417 728 515 789 oeperit,
526 741 554 774 es
565 727 697 774 deliberare
707 729 786 789 ponit,
802 729 822 776 si
839 735 907 776 extre
923 729 1042 774 libertates
1053 734 1123 788 espa
1135 727 1231 774 fuerint.
1266 727 1328 774 Etsi
1339 729 1402 774 inim

251 812 371 858 libertates
382 810 518 872 hujusmodi
533 811 611 856 srsria
626 811 751 870 capientur
769 817 794 858 et
810 811 900 856 baillivi
924 811 1060 856 libertatum
1078 824 1106 854 ea
1123 809 1254 855 deliberare
1272 809 1400 867 noluerint,

251 899 309 940 tuno
322 893 458 940 vicecomes
468 906 511 952 pro
522 893 618 939 deiectu
629 893 724 938 illorum
736 893 886 940 baillirornm
897 907 926 937 es
936 892 1008 938 insist
1018 891 1151 938 deliberari.

284 975 372 1022 Nullus
388 977 418 1022 de
437 982 515 1021 cetero
529 975 602 1034 possit
616 975 757 1036 distringere
768 976 842 1022 libere
853 980 961 1022 tenentes
970 988 1026 1020 suos
1035 973 1066 1018 sd
1079 973 1271 1033 respondendum
1283 973 1313 1017 de
1326 973 1399 1019 libem
1411 985 1488 1017 xeno.

251 1064 387 1104 tenemento
398 1072 441 1103 suo
452 1071 497 1102 neo
508 1057 539 1102 de
549 1057 669 1117 aliquibus
680 1058 711 1103 sd
724 1057 825 1103 liberum
836 1062 1000 1104 tenementum
1010 1069 1080 1101 suum
1091 1055 1253 1114 spectantibus
1264 1069 1307 1099 nee
1316 1057 1397 1114 jurare

252 1137 322 1182 meist
333 1137 406 1183 libere
417 1143 524 1184 tenentes
534 1151 588 1183 suos
598 1143 681 1183 contro
692 1137 838 1184 voluntstem
854 1150 929 1192 snam,
945 1136 1007 1182 siout
1017 1133 1099 1180 nullus
1110 1135 1186 1180 lacere
1197 1139 1273 1193 potest
1283 1135 1334 1180 sine
1345 1149 1397 1194 pre·

252 1225 321 1278 cepto
333 1219 432 1265 Domini
444 1220 522 1278 Regis.

284 1300 406 1346 Provisum
423 1306 458 1345 est
475 1300 546 1345 etiam
562 1299 627 1357 quod
644 1297 747 1354 Bsillivi,
760 1297 802 1357 qui
813 1303 950 1356 eompotum
962 1297 1070 1342 Dominis
1081 1296 1129 1342 suis
1140 1298 1239 1343 reddere
1250 1304 1363 1343 tenentur
1373 1305 1397 1344 et
1411 1293 1498 1338 xxxvi·

251 1395 275 1426 se
292 1382 465 1428 substraxerint
479 1387 503 1425 et
514 1387 588 1425 terras
598 1385 622 1425 et
633 1385 769 1426 tenemento
779 1393 827 1426 non
838 1379 966 1424 habuerint
976 1391 1018 1437 per
1029 1391 1076 1436 que
1087 1377 1197 1437 distringi
1208 1379 1305 1438 possint,
1321 1377 1324 1440 l
1339 1387 1397 1426 tune
1404 1375 1443 1431 so·
1458 1375 1503 1419 153
1517 1380 1546 1418 ³⁰·

252 1476 295 1521 per
309 1475 392 1507 eorum
403 1474 501 1518 corpora
511 1460 679 1518 attachientur,
690 1461 724 1506 its
734 1461 799 1521 quod
811 1459 955 1516 Vteeeomes,
966 1459 991 1504 in
1003 1459 1071 1520 eujus
1082 1457 1178 1504 bailliis
1188 1459 1347 1517 invenientur,
1359 1476 1398 1506 eos

252 1541 331 1586 venire
339 1540 448 1585 meistsd
460 1543 595 1598 compotum
606 1555 676 1586 suum
688 1540 845 1586 reddendum.

284 1623 345 1666 Item
363 1620 461 1666 flrrnarii
479 1626 584 1680 tempore
598 1623 720 1667 firmanum
733 1637 830 1668 suarum
845 1628 945 1668 wantum
957 1621 994 1667 vel
1006 1621 1166 1667 venditionem
1178 1619 1214 1664 vel
1232 1620 1330 1666 exilium
1349 1636 1395 1666 non
1409 1613 1506 1672 ΝΜ.

250 1703 339 1750 minut
349 1703 380 1748 de
390 1703 474 1760 bosois,
485 1703 602 1760 domibus,
617 1703 761 1759 bominibus,
779 1718 822 1750 nee
834 1703 864 1749 de
874 1703 995 1763 aliquibus
1005 1703 1036 1748 sd
1048 1709 1190 1757 tenements,
1203 1715 1250 1760 que
1260 1703 1292 1747 sd
1303 1703 1395 1748 fimum

249 1799 317 1832 susm
329 1785 424 1841 babent,
434 1785 603 1844 spectantibus,
623 1785 667 1830 nisi
685 1784 810 1844 specialem
827 1783 955 1830 habuerint
971 1784 1145 1829 oonoessionem
1162 1790 1186 1827 et
1202 1783 1395 1842 perscripturum

250 1868 298 1912 sive
313 1866 476 1912 conventionis
495 1865 639 1911 mentionem
657 1865 722 1925 quod
739 1863 784 1910 hoe
801 1865 878 1910 laoere
895 1865 991 1924 possint.
1026 1864 1092 1910 Etsi
1109 1863 1209 1910 iecerint
1225 1871 1249 1908 et
1265 1879 1336 1922 super
1352 1865 1396 1910 hoc

250 1947 430 2002 convincentur,
441 1946 545 2005 dampna
555 1946 627 2006 plens
638 1945 767 1992 refundent
777 1950 802 1991 et
811 1945 914 2004 graviter
924 1959 967 2004 per
978 1945 1161 1990 misericordiam
1172 1944 1311 2003 punientur.

282 2027 298 2072 J
300 2028 413 2072 ustioierii
426 2028 562 2073 itinerantes
573 2029 603 2073 de
614 2033 692 2074 cetero
703 2041 751 2073 non
762 2027 893 2072 smeroisut
898 2025 990 2072 villatas
1001 2027 1026 2071 in
1038 2027 1122 2072 itinere
1132 2041 1184 2081 suo,
1196 2025 1296 2084 eoquod
1308 2026 1397 2084 singuli
1410 2016 1514 2075 112'2‘0'0'·

252 2108 294 2152 xxi
305 2122 422 2153 annorum
434 2123 482 2153 non
494 2109 601 2155 venerint
610 2123 689 2154 eoram
702 2108 887 2154 Vioeeomitibns
898 2113 922 2154 et
932 2115 1070 2154 eoronstors
1080 2107 1111 2152 sd
1125 2107 1291 2166 inquisitiones
1302 2107 1331 2152 de
1343 2109 1397 2152 rob-

250 2187 321 2234 beriis
336 2194 359 2233 et
375 2189 490 2234 incendiis
506 2190 541 2234 vel
559 2189 612 2235 aliis
629 2189 660 2234 sd
676 2204 787 2236 eoronam
797 2189 960 2250 spectantibus
970 2189 1097 2245 iseiendss,
1108 2189 1167 2234 dum
1179 2194 1258 2234 tamen
1269 2188 1300 2234 de
1311 2188 1397 2233 villstis

250 2268 297 2314 illis
306 2269 401 2316 veniant
411 2269 555 2316 sufficienter
566 2285 608 2330 per
618 2283 678 2329 qnss
692 2270 829 2331 hujusmodi
846 2271 1011 2329 inquisitiones
1025 2270 1096 2330 plene
1112 2270 1164 2315 fleri
1180 2271 1278 2330 possint,
1292 2269 1398 2328 exeeptis

250 2349 444 2409 inquisitionibus
454 2349 485 2394 de
497 2355 572 2396 morte
583 2351 685 2396 bominis
696 2351 819 2410 laoisndis,
830 2351 872 2397 ubi
881 2365 963 2396 omnes
971 2350 1014 2396 xxi
1024 2363 1142 2396 snuonsm
1154 2351 1233 2396 venire
1245 2350 1340 2406 debent,
1352 2351 1397 2394 nisi

251 2431 416 2478 rationabilem
428 2433 532 2480 babeant
540 2447 636 2479 eausam
646 2434 752 2480 obsentie
763 2448 812 2481 sue.

284 2512 448 2560 Murdnsmde
455 2523 533 2560 eetero
541 2529 589 2560 non
598 2515 751 2576 sdjndioetur
761 2531 840 2562 eoram
851 2515 1053 2571 iustissimum
1064 2513 1223 2560 intortunium
1233 2515 1398 2560 tsntummodo
1409 2515 1502 2562 nerim

249 2593 413 2652 sdjudiostum
433 2601 487 2653 est;
507 2595 548 2640 sed
568 2596 647 2642 looum
666 2597 752 2642 habent
769 2597 895 2643 murdrum
914 2597 940 2641 in
960 2595 1089 2642 interiectis
1108 2609 1151 2656 per
1170 2595 1288 2651 telonium,
1305 2600 1329 2640 et
1349 2607 1397 2638 non

250 2674 327 2721 aliter.

284 2755 406 2800 Provisum
424 2760 459 2801 est
476 2755 572 2812 insuper
583 2755 648 2814 quod
666 2755 748 2799 nullus
764 2768 842 2800 eoram
854 2753 997 2798 Justieimiis
1012 2753 1178 2798 itinerantibus
1188 2761 1285 2798 voeatus
1295 2754 1326 2797 sd
1338 2768 1396 2798 war·
1410 2747 1445 2792 xl·

251 2841 347 2882 rentum
362 2836 387 2879 in
399 2835 486 2894 placito
497 2840 558 2879 terre
570 2834 605 2879 vel
617 2835 747 2880 tenementi
757 2835 899 2880 amereietur
916 2833 947 2877 de
966 2839 1044 2878 eetsro
1058 2846 1102 2891 pro
1119 2846 1148 2878 so
1164 2833 1229 2891 quod
1240 2846 1338 2891 presens
1349 2848 1398 2880 non

251 2917 323 2962 suerit
344 2916 441 2976 quando
455 2921 552 2961 roestur
572 2916 604 2962 ed
624 2921 764 2972 warentem,
783 2919 883 2973 exeepto
902 2913 979 2972 primo
997 2913 1037 2958 die
1055 2913 1172 2958 sdventus
1193 2913 1297 2972 ipsorum
1319 2913 1397 2960 Justi-

250 2998 384 3045 eiariornm.
418 2995 465 3042 Sed
478 2998 497 3042 si
509 3003 627 3042 wsrentus
638 2995 678 3041 ille
689 2997 719 3042 sit
728 2995 790 3041 inirs
804 2995 950 3052 eomitstnm,
961 2999 1020 3040 tune
1031 2994 1172 3053 injungetur
1183 2993 1322 3038 Vieoeomiti
1333 2996 1398 3052 quod

250 3081 327 3140 ipsum
337 3079 399 3126 inira
410 3079 506 3125 tertium
518 3079 581 3124 diem
591 3078 627 3125 rel
638 3083 751 3137 quartum
762 3077 834 3124 meist
844 3077 932 3133 venue,
942 3076 1006 3122 sieut
1015 3076 1041 3120 in
1052 3076 1136 3122 itinere
1145 3075 1160 3122 J
1162 3075 1336 3122 ustioisriornm
1347 3077 1398 3122 lieri

250 3161 380 3207 consuevit.
416 3159 448 3206 Et
464 3159 483 3205 si
497 3165 565 3205 extre
580 3159 719 3205 eomitstum
734 3163 837 3214 monent,
848 3161 907 3203 tune
918 3156 1082 3202 rationabilem
1093 3157 1179 3203 hebent
1189 3155 1397 3202 summonitionem

252 3255 283 3287 xv
294 3242 389 3286 dierum
399 3241 430 3286 sd
442 3241 521 3286 minus
531 3241 663 3288 moundum
674 3241 840 3286 disomtionem
851 3237 866 3286 J
869 3239 1043 3284 ustieisriorum
1053 3243 1077 3284 et
1088 3238 1165 3298 legem
1173 3250 1331 3284 comunem

282 3321 309 3366 Si
320 3321 420 3367 olerious
430 3321 517 3381 uliquis
527 3337 570 3382 pro
581 3323 680 3368 erimine
690 3321 772 3380 sliqno
781 3321 817 3368 vel
826 3326 890 3367 reete
897 3320 961 3380 quod
970 3320 1001 3365 sd
1009 3334 1120 3366 eoronsm
1134 3316 1138 3382 Ι
1153 3319 1270 3379 pertinest
1280 3323 1398 3364 sreotatus
1403 3314 1449 3388 fo..
1457 3311 1503 3361 153
1516 3321 1548 3361 ν’.

249 3403 322 3450 suern
332 3409 355 3448 et
366 3401 515 3462 paenorum
528 3403 558 3448 ss
569 3408 679 3462 presepio
698 3403 769 3463 nep.
786 3403 812 3448 in
823 3401 931 3448 milium
947 3401 1049 3447 motu·
1060 3401 1096 3446 ver
1112 3400 1255 3460 repugnem
1271 3398 1396 3455 sanent,
1409 3378 1456 3426 so.

249 3487 283 3531 its
294 3483 358 3544 quod
370 3483 412 3539 hii,
424 3482 512 3541 quibus
523 3483 624 3530 unditus
634 3483 713 3540 inerit,
730 3483 756 3528 in
772 3483 881 3530 baillium
896 3495 952 3528 sum
970 3482 1076 3528 bsbesnt
1090 3495 1170 3527 eoram
1186 3479 1202 3528 J
1205 3479 1336 3536 ustieiuriis‚
1348 3493 1396 3526 non

249 3566 408 3613 smereientur
419 3563 450 3610 ds
460 3568 539 3608 estere
550 3563 586 3609 illi
596 3564 684 3623 quibus
693 3565 796 3610 traditm
806 3563 911 3610 iusritin
919 3562 1029 3608 millium
1041 3562 1077 3608 vel
1087 3562 1129 3608 slii
1139 3562 1212 3622 plegii
1222 3563 1269 3618 sui,
1280 3562 1300 3608 si
1312 3577 1398 3622 eorpus

249 3663 320 3695 suum
327 3648 516 3694 habeanteorsm
526 3643 543 3694 J
544 3645 677 3702 ustioisrils
685 3645 742 3691 lieet
747 3659 827 3691 oorsm
835 3645 970 3704 eispropter
980 3643 1131 3705 privilegium
1138 3644 1246 3692 oleriesle
1255 3645 1397 3704 respondere

251 3730 355 3776 noluerit
368 3729 403 3776 vel
415 3743 463 3775 non
475 3727 554 3788 possit

284 3811 407 3858 Provisum
419 3817 454 3857 est
465 3811 536 3857 etiam
548 3808 643 3870 quodsi
657 3807 837 3868 depredationes
847 3807 884 3854 rel
895 3808 977 3868 rspins
988 3808 1068 3868 slique
1078 3809 1138 3854 flent
1148 3809 1283 3854 Abbstibns
1293 3812 1336 3852 sut
1345 3804 1398 3850 aliis
1410 3802 1465 3863 slt'y'.

250 3890 347 3950 prelatis
353 3893 521 3948 eeclesiastiois‚
529 3898 553 3938 et
561 3891 605 3952 ipsi
612 3893 654 3952 jus
661 3904 732 3937 suurn
741 3889 771 3936 de
782 3889 920 3949 hujusmodi
928 3889 1137 3949 depredstionibus
1144 3893 1312 3948 prosequentes
1322 3891 1398 3932 morte

251 3971 426 4031 preveniamur,
445 3979 573 4032 antequam
592 3973 648 4020 inde
663 3972 780 4034 Justitism
798 3970 889 4016 fuerint
904 3971 1013 4028 ssseouti,
1032 3983 1176 4017 suooessores
1194 3982 1276 4014 eorum
1295 3967 1398 4012 bubesnt

249 4051 383 4097 oeensiones
400 4052 431 4096 sd
450 4053 513 4098 bons
530 4055 626 4100 eoelesie
645 4067 687 4101 sne
705 4055 735 4100 de
757 4053 867 4100 menibus
887 4051 1026 4113 huiusmodi
1045 4057 1242 4110 transgressorum
1261 4047 1398 4107 repetendo.

252 4129 360 4177 Similem
378 4130 474 4189 insuper
491 4133 608 4179 sotionem
624 4135 728 4181 babemt
745 4145 889 4182 moesssorss
905 4133 948 4192 qui
967 4131 1051 4176 domui
1067 4135 1092 4176 et
1113 4130 1211 4176 eoelesie
1231 4143 1272 4176 sue
1292 4133 1399 4174 rsoeuter

295 4231 409 4275 ossen.
426 4229 499 4275 soc.
1034 4217 1053 4274 2
1072 4231 1095 4274 n
