3930 5088
590 499 652 556 146
946 509 1105 556 caoruca
1131 510 1308 558 usroaurr
1332 515 1377 560 ar

588 663 720 744 fridum,
738 661 796 730 ubi
810 683 966 749 campane
981 661 1218 749 dependebant,
1233 665 1417 730 munientes
1428 665 1520 730 illum
1535 686 1610 730 cum
1624 662 1734 742 ermis,

587 765 688 831 veluti
716 775 831 846 eastra,
860 777 895 832 et
930 765 1007 831 inde
1035 776 1204 831 traxerunt
1243 790 1319 834 eum
1354 767 1493 833 arcubus
1523 779 1557 832 et
1585 763 1733 842 beliatis3

587 867 634 933 ita
647 869 735 955 quod
758 869 868 933 nullus
883 890 942 954 per
955 868 1044 934 vicos
1058 869 1110 934 vel
1125 869 1267 935 venellas
1282 891 1385 955 prope
1404 867 1577 935 cenobium
1597 867 1733 934 transire

586 981 724 1056 poterat,
738 970 802 1036 nisi
816 970 932 1037 fuisset
942 971 1139 1036 vulneratus.
1162 971 1258 1037 Hanc
1268 973 1455 1038 violentiam
1466 972 1564 1038 Cives
1573 971 1734 1048 videntes,

586 1071 731 1138 arbitrati
759 1082 838 1137 sunt
861 1072 935 1138 illos
964 1072 1120 1138 malificos
1157 1095 1229 1139 esse
1265 1074 1435 1139 manifeste
1471 1083 1585 1139 contra
1619 1093 1733 1158 pacem
1853 1099 1860 1110 ·

585 1173 722 1240 Domini
744 1173 853 1260 Regis,
877 1175 932 1260 qui
957 1176 1105 1240 fecerunt
1129 1186 1271 1240 castrum
1293 1175 1510 1240 adulterinum
1531 1174 1567 1239 in
1591 1173 1732 1240 Ciuitate

587 1299 655 1342 sua.
711 1276 778 1344 Qui
808 1277 1002 1363 congregati,
1032 1277 1244 1363 disponentes
1279 1277 1353 1342 illos
1390 1276 1663 1362 comprehendere
1698 1285 1734 1339 et

587 1379 744 1446 adducere
758 1380 799 1446 ad
810 1380 976 1466 justiciam
992 1380 1101 1466 Regis,
1116 1381 1214 1446 armis
1229 1379 1477 1460 somniarunt,
1492 1378 1733 1467 quiappropin-

587 1491 725 1568 quantes
738 1482 779 1548 ad
799 1493 927 1568 portam
942 1483 1030 1548 curie
1052 1483 1206 1564 clausam,
1220 1505 1287 1548 non
1301 1483 1446 1548 valentes
1465 1483 1585 1548 intrare
1600 1491 1733 1568 propter

587 1585 801 1652 munitionem
822 1585 993 1650 bominum
1003 1591 1017 1668 l
1028 1595 1235 1666 armatorum,
1244 1585 1319 1670 igne
1340 1584 1505 1670 imposito,
1519 1595 1647 1670 portem
1662 1603 1734 1646 cru·

586 1689 701 1754 deliter
725 1689 972 1754 succenderunt.
1017 1689 1094 1756 Quo
1113 1689 1187 1776 igne
1206 1687 1434 1768 invalescente,
1458 1686 1644 1753 Berefridus
1659 1706 1732 1750 suc-

586 1792 737 1863 cenditur
758 1801 792 1856 et
816 1790 926 1856 omnia
948 1791 1111 1857 domicilia
1130 1791 1364 1856 monachorum
1378 1799 1412 1854 et
1426 1789 1535 1870 etism,
1549 1800 1587 1854 ut
1601 1787 1732 1874 quidam

586 1893 709 1971 dicunt,
734 1892 935 1959 Cathedrslia
949 1893 1095 1973 ecclesia,
1120 1914 1180 1979 pro
1203 1891 1314 1957 dolor!
1330 1914 1405 1958 cum
1420 1892 1572 1957 omnibus
1589 1889 1733 1977 reliquiis

586 2005 784 2072 sanctorum,
811 1993 902 2058 libris
928 2003 962 2059 et
987 1993 1186 2059 ornamentis
1209 1993 1364 2074 ecclesie3
1400 1991 1448 2058 ita
1470 1992 1557 2078 quod
1580 1991 1734 2079 quiequid

586 2095 733 2163 comburi
762 2105 899 2181 poterat,
927 2095 1103 2162 deductum
1133 2105 1185 2160 est
1209 2096 1243 2160 in
1269 2095 1403 2174 cineres,
1431 2104 1567 2180 excepte
1594 2093 1732 2180 quadam

586 2200 718 2284 capello,
741 2221 804 2284 qua
829 2197 1035 2264 incombusta
1058 2199 1224 2264 remansit.
1268 2197 1425 2262 Monachi
1446 2219 1534 2278 vero,
1560 2207 1594 2262 et
1618 2218 1732 2262 omnes

585 2303 641 2388 qui
655 2311 815 2388 poterant,
830 2311 990 2388 ponentes
1006 2323 1041 2366 se
1055 2303 1089 2366 iu
1107 2303 1228 2387 fugam,
1250 2309 1443 2383 evaserunt3
1467 2302 1523 2368 sed
1538 2311 1648 2367 tamen
1662 2301 1734 2386 qui·

585 2405 659 2468 dam
674 2425 715 2469 ex
729 2414 867 2488 utraque
879 2411 970 2488 parte
985 2403 1145 2469 interfecti
1160 2411 1248 2467 sunt.

629 2505 676 2570 Et
691 2505 862 2570 sciendum
876 2513 938 2584 eat,
953 2505 1041 2590 quod
1063 2505 1139 2570 licet
1162 2502 1315 2569 omnibus
1339 2504 1446 2570 modis
1468 2503 1618 2570 inimicoa
1633 2505 1731 2590 Regis

586 2619 619 2674 et
628 2609 684 2694 qui
699 2616 775 2673 sunt
791 2615 903 2672 contra
916 2627 1030 2692 pacem
1039 2629 1142 2689 suam,
1157 2606 1300 2673 etiamsi
1314 2628 1449 2672 necesse
1463 2606 1562 2671 suerit
1575 2629 1634 2692 per
1647 2608 1731 2694 ignis

585 2710 827 2797 impositionem
841 2729 972 2796 gravare
993 2719 1027 2776 et
1047 2730 1254 2796 expugnare3
1278 2719 1330 2774 set
1339 2720 1461 2788 tamen,
1470 2729 1537 2773 non
1548 2719 1600 2774 est
1607 2709 1731 2774 licitum

587 2811 780 2880 Christianis
803 2813 837 2877 in
855 2811 1010 2893 ecclesiis,
1032 2813 1085 2878 vei
1107 2813 1142 2878 in
1168 2812 1239 2878 aliis
1265 2833 1356 2878 sacro
1379 2809 1499 2877 sanctis
1522 2810 1602 2876 locis
1624 2811 1733 2896 ignem

585 2916 763 3003 imponere.

629 3020 793 3085 Dominus
815 3028 925 3084 autem
945 3019 1029 3096 Rex,
1043 3015 1178 3082 audiens
1201 3015 1262 3080 hos
1286 3015 1446 3101 pessimos
1469 3035 1626 3094 rumores,
1640 3015 1733 3082 valde

586 3122 754 3187 condoluit
760 3145 771 3200 3
794 3121 860 3206 qui,
885 3121 919 3184 in
935 3121 1043 3184 fur'ore
1061 3128 1096 3183 et
1117 3118 1150 3183 in
1177 3119 1224 3183 ira
1244 3119 1429 3184 vehementi
1449 3118 1612 3204 profectus
1627 3121 1734 3184 estad

584 3224 672 3287 iilam
688 3221 875 3301 Civitatem,
889 3231 924 3286 et
943 3220 1077 3286 veniens
1092 3221 1138 3284 ibi
1152 3220 1230 3286 fecit
1249 3221 1321 3306 capi
1342 3221 1383 3284 de
1405 3220 1551 3300 Civibus,
1573 3231 1734 3308 quotquot

583 3325 716 3390 fuerunt
738 3325 891 3408 suspecti,
905 3333 939 3390 et
963 3322 1150 3388 incarcerari
1175 3323 1208 3387 in
1225 3323 1356 3389 castello
1371 3347 1442 3390 suo.
1485 3325 1531 3390 Et
1554 3325 1630 3390 fecit
1644 3347 1733 3390 sum-

584 3426 703 3490 moniri
724 3427 873 3493 homines
901 3436 993 3492 extra
1016 3425 1188 3492 Civitatem
1212 3427 1390 3513 predictam
1414 3439 1594 3507 manentes,
1618 3429 1733 3494 volens

585 3549 644 3614 per
663 3550 719 3594 eos
745 3530 871 3613 juratos
892 3529 973 3595 scire
997 3529 1095 3614 hujus
1121 3529 1167 3595 rei
1192 3531 1373 3610 veritatem,
1395 3531 1513 3616 quibua
1528 3531 1733 3598 venientibus

584 3649 692 3696 coram
714 3631 900 3716 justiciariis
924 3653 982 3717 per
998 3632 1161 3696 Dominus
1178 3631 1297 3717 Regem
1314 3632 1434 3696 adhoc
1453 3631 1575 3712 electis,
1598 3637 1735 3700 accessit

584 3732 754 3818 episcopus
769 3731 856 3796 illius
872 3732 946 3812 loci,
961 3733 1108 3817 Rogemus
1123 3733 1266 3811 nomine,
1283 3753 1350 3797 non
1375 3732 1573 3816 degenerans
1587 3755 1606 3796 a
1619 3737 1733 3819 nequi-

583 3836 628 3900 tie
651 3845 684 3900 et
708 3832 896 3899 crudelitate
923 3833 1043 3897 Prior-is
1069 3833 1130 3912 sui,
1156 3855 1217 3898 nec
1245 3833 1451 3899 considerans
1476 3833 1518 3898 ad
1546 3835 1732 3921 religionem

583 3938 705 4004 ordinis
720 3959 778 4002 seu
792 3936 958 4022 dignitatis
974 3957 1043 4017 sue,
1058 3936 1114 4001 sed
1130 3957 1241 4002 carens
1264 3937 1354 4001 omni
1364 3936 1485 4023 pietate
1500 3949 1534 4006 et
1552 3941 1733 4008 misericor-

583 4041 646 4121 dia,
660 4040 795 4128 cupiens
810 4063 977 4128 proposse
992 4063 1052 4108 suo
1068 4061 1182 4106 omnes
1198 4039 1295 4108 Cives
1311 4041 1408 4108 morti
1423 4043 1610 4120 dampnare,
1624 4069 1731 4112 coram
