3930 5088
574 479 634 538 ms
939 495 1101 540 cronica
1125 495 1302 540 usrcauu
1327 495 1373 540 rr

570 656 605 712 ct
617 641 841 730 iniquitatibus
855 655 890 710 et
903 667 962 731 per
971 667 1047 712 eum
1060 646 1273 734 personaliter
1286 655 1321 712 et
1334 643 1532 732 periniquos
1546 641 1722 725 complices

571 769 649 812 suos
663 745 767 814 iactis.
809 747 856 812 Et
869 746 943 814 ideo
957 749 1121 816 Dominus
1143 751 1216 814 Rex
1239 748 1316 814 lecit
1337 769 1414 814 eum
1438 746 1567 832 capiet
1589 740 1723 810 trsdidit

570 850 663 914 illum
688 850 841 936 episcopo
861 871 935 930 suo,
948 861 987 917 ut
1000 851 1092 916 illum
1114 853 1204 919 salvo
1219 850 1399 918 custodiret
1411 851 1444 916 in
1460 849 1593 935 prisona
1612 867 1671 912 aua
1688 855 1724 910 et

572 952 765 1038 produceret
786 973 895 1018 coram
911 954 1000 1038 Rege
1025 955 1067 1018 ad
1082 955 1271 1022 mandatum
1287 975 1396 1020 mum.
1427 953 1547 1020 Postea
1559 950 1615 1016 ille
1631 948 1723 1014 Prior

573 1075 681 1122 coram
695 1055 849 1141 episcopo
864 1078 935 1136 suu,
950 1057 1007 1143 qui
1028 1057 1126 1124 nimis
1149 1067 1218 1124 erat
1243 1056 1274 1122 ei
1296 1053 1492 1133 lavombilis,
1514 1051 1665 1140 purgavit
1686 1071 1722 1114 se

574 1177 664 1223 more
678 1157 906 1238 ecclesiastico,
917 1169 950 1224 et
962 1159 1008 1224 ita
1022 1157 1076 1224 ille
1091 1158 1308 1245 nequissimus
1323 1155 1545 1224 decrimineei
1555 1153 1722 1240 imposito,

574 1281 635 1346 pro
660 1259 773 1326 dolor!
799 1260 980 1345 impunitus
1000 1261 1167 1328 remansit.
1211 1260 1278 1328 oni
1299 1269 1426 1346 postea,
1446 1259 1531 1324 inira
1551 1256 1722 1324 dimidium

574 1382 697 1428 annum
718 1361 868 1446 proximu
894 1374 1095 1447 sequentem,
1123 1361 1234 1428 divina
1255 1361 1380 1428 ultione
1405 1359 1663 1446 superveniente,
1684 1364 1724 1421 ut

575 1463 681 1539 credo,
697 1463 751 1528 ille
765 1463 981 1548 nequissimus
993 1465 1217 1532 miserabiliter
1231 1473 1380 1533 mortuus
1391 1473 1453 1530 esa

616 1565 909 1648 memorandum,
933 1568 1022 1651 quod
1044 1567 1246 1653 temporibus
1267 1566 1430 1633 Johannis
1455 1563 1551 1630 Horu
1580 1573 1615 1630 et
1631 1561 1721 1627 Wal-

574 1669 635 1734 teri
670 1669 702 1735 le
740 1670 838 1734 Potes·
859 1668 1097 1735 vicecomitum
1131 1670 1377 1740 Lcndoniarum
1416 1687 1556 1754 quorum
1589 1664 1723 1730 nomina

407 1740 412 1750 ¹
439 1741 467 1788 ‘i'
574 1771 695 1857 scripta
716 1780 794 1837 sunt
821 1770 856 1835 in
885 1770 982 1836 tertio
1005 1770 1084 1836 folio
1109 1771 1207 1856 hujus
1230 1769 1305 1835 libri
1332 1769 1493 1855 sequenti,
1517 1788 1593 1832 cum
1625 1766 1722 1832 Cives

574 1873 830 1953 Loudoniarum,
846 1871 930 1938 sicut
944 1873 1147 1938 consuetudo
1161 1883 1222 1952 est,
1242 1872 1277 1936 in
1302 1873 1387 1938 sesto
1413 1870 1557 1938 Simonis
1579 1881 1613 1936 et
1633 1870 1723 1936 Jude

573 1974 804 2042 convenissent
832 1975 866 2040 in
899 1975 1076 2040 Gildhallia
1110 1975 1151 2039 ad
1185 1973 1369 2060 eligendum
1401 1972 1574 2052 Maiorem,
1601 1981 1635 2038 et
1662 1972 1721 2037 Al·

574 2077 742 2144 dermanni
764 2086 798 2142 et
820 2075 1022 2142 discretiores
1045 2077 1207 2156 Civitatis,
1229 2087 1263 2142 et
1284 2075 1451 2160 eligissent
1477 2074 1664 2161 Philippum
1691 2075 1723 2138 le

573 2179 716 2265 Tayllur,
737 2178 827 2263 quod
851 2177 968 2263 vulgus
992 2178 1142 2244 Civitatis
1157 2179 1244 2244 illum
1260 2175 1452 2244 electionem
1466 2178 1722 2244 contradicentes

573 2277 1723 2364 etmagnumtumultumlacientesclamaverunt“Ncy,noy,n0snolu-

574 2405 647 2446 mus
653 2382 754 2446 ullum
765 2381 1049 2446 Maiorembabere
1058 2381 1120 2444 nisi
1126 2381 1306 2447 Walterum
1319 2381 1432 2460 Herri,
1442 2383 1497 2467 qui
1509 2391 1604 2448 antea
1615 2383 1723 2448 Maior

574 2484 774 2563 extiterat;''
797 2483 944 2550 stillum
968 2494 1081 2548 contra
1103 2485 1306 2550 voluntatem
1326 2485 1473 2564 eliorum,
1499 2481 1577 2550 totis
1602 2482 1724 2548 viribus

575 2588 653 2667 auia,
674 2587 709 2652 in
725 2587 802 2652 sede
818 2585 994 2651 maioratus
1006 2596 1200 2671 posuerunt.
1242 2586 1453 2652 Aldermanni
1473 2607 1551 2652 vern
1565 2595 1599 2652 et
1613 2607 1724 2670 quam-

574 2691 683 2776 plures
698 2689 758 2755 viri
768 2688 910 2769 discreti,
926 2689 982 2774 qui
999 2689 1045 2753 eis
1063 2689 1271 2770 adheserunt,
1287 2711 1354 2754 non
1365 2689 1509 2754 valentes
1526 2697 1638 2754 contra
1652 2695 1724 2752 tan-

576 2804 647 2859 tum
662 2793 904 2860 multitudinem
920 2792 1006 2857 illius
1021 2791 1267 2858 innumerabilis
1289 2790 1404 2876 populi
1428 2791 1588 2870 resistere,
1614 2789 1723 2854 statim

576 2895 726 2962 adierunt
737 2895 919 2960 Dominum
933 2896 1055 2980 Regem
1066 2904 1100 2960 et
1112 2893 1294 2959 Consilium
1304 2915 1401 2958 suum
1416 2894 1503 2980 apud
1517 2893 1725 2958 Westmona-

577 2999 731 3077 sterium3
754 3007 788 3062 et
801 2999 967 3062 Walterus
984 2998 1128 3083 Herevy,
1152 2998 1275 3062 ducens
1300 3018 1410 3062 secum
1436 2997 1528 3062 illum
1554 2995 1724 3080 populum,

574 3101 717 3187 perrexit
731 3100 878 3164 similiter
892 3099 1024 3177 ibidem,
1035 3100 1230 3183 promittens
1242 3099 1301 3178 eis,
1317 3099 1402 3166 sicut
1412 3110 1508 3166 antea
1522 3099 1724 3185 promiserat,

574 3203 661 3290 quod
676 3204 746 3288 ipse
761 3211 966 3268 conservaret
982 3222 1038 3265 eos
1054 3201 1199 3285 singulos
1210 3222 1269 3287 per
1282 3211 1390 3268 totum
1405 3213 1534 3288 tempus
1550 3202 1724 3268 maioratua

575 3303 625 3368 sui
640 3303 831 3387 indempnes
854 3303 894 3368 de
914 3301 1066 3368 omnibus
1087 3303 1234 3389 tollagiis,
1256 3305 1490 3385 exactionibus,
1511 3317 1545 3370 et
1567 3305 1665 3384 tollis,
1690 3313 1724 3368 et

575 3405 662 3490 quod
683 3405 754 3490 ipse
775 3405 971 3491 acquietaret
994 3405 1169 3474 Civitatem
1195 3407 1236 3474 de
1266 3408 1419 3474 omnibus
1449 3408 1568 3474 debitis
1599 3408 1724 3472 suiset

575 3517 688 3572 contm
704 3508 859 3594 Reginam
875 3519 909 3574 et
923 3519 1035 3575 contra
1057 3531 1170 3576 omnes
1193 3511 1272 3576 alios
1292 3533 1350 3596 per
1374 3511 1530 3596 arreragia
1552 3512 1588 3575 in
1611 3510 1725 3576 rotulis

576 3608 822 3675 camerariorum
839 3609 991 3676 Civitatis
1007 3620 1172 3677 contenta.

618 3712 757 3778 Vocevit
770 3721 879 3776 autem
893 3713 1049 3798 ametegis
1064 3715 1217 3801 quicquid
1231 3715 1412 3780 relaxatum
1428 3723 1463 3778 et
1476 3712 1649 3778 remissum
1663 3714 1727 3779 fuit

573 3813 744 3900 perbreve
760 3813 894 3878 Domini
911 3815 1007 3900 Regis
1028 3816 1164 3882 missum
1180 3815 1325 3882 Domino
1338 3815 1444 3880 Alano
1466 3814 1508 3880 de
1529 3814 1562 3880 la
1587 3813 1727 3895 souche,

575 3925 654 3981 tunc
677 3913 833 4000 temporis
855 3913 993 3980 Custodi
1018 3916 1180 3996 Civitatis,
1205 3916 1240 3979 in
1264 3937 1382 4000 magno
1405 3915 1535 4003 tallagio
1557 3917 1643 3983 iacto
1669 3939 1727 4002 per

572 4038 743 4104 assensum
758 4015 982 4102 universorum
1006 4018 1147 4098 Civium,
1171 4017 1234 4082 illis
1260 4016 1407 4099 Civibus,
1431 4019 1487 4105 qui
1511 4021 1596 4086 ultra
1614 4029 1726 4086 contra
