3930 5088
550 615 612 673 126
915 626 1078 674 caosrcn
1103 625 1277 672 uaronurr
1303 625 1348 672 nr
1402 622 1405 628 ’

327 795 363 842 oa
385 797 533 874 cercenna
546 802 692 846 rumores
720 780 807 865 apud
833 779 1134 865 Lcndonias,qnod
1164 779 1237 844 Rex
1261 779 1407 860 Francie,
1422 799 1517 845 cruce
1546 781 1692 866 signatus

321 861 532 977 f'fflffffl*
546 885 751 968 proficiscens
766 904 879 948 versus
890 883 1023 948 Terram
1049 881 1213 962 Sanctam,
1240 892 1390 949 mortuus
1416 883 1479 947 tuit
1502 883 1536 948 in
1552 885 1690 969 quadam

543 986 650 1051 insula
657 986 693 1050 in
708 985 788 1050 mari
799 984 1039 1050 Mediterranea
1051 985 1124 1064 sita,
1139 994 1174 1049 et
1189 985 1357 1050 Saracenis
1373 983 1562 1066 inhabitata,
1573 996 1607 1051 et
1619 987 1692 1071 qui·

543 1088 618 1154 dam
642 1088 727 1152 filius
756 1109 847 1166 suus,
862 1097 895 1152 et
919 1087 1014 1151 multi
1043 1096 1211 1172 magnates
1242 1096 1277 1151 et
1305 1085 1495 1168 mediocres,
1509 1089 1566 1174 qui
1589 1088 1692 1154 secuti

543 1200 621 1257 aunt
646 1213 722 1256 eum
751 1191 792 1255 de
817 1189 961 1255 exercitu
987 1189 1185 1255 Christiano.
1244 1189 1321 1268 Qui,
1345 1189 1528 1274 relinquens
1554 1191 1588 1254 in
1612 1191 1692 1254 mari

541 1303 666 1359 rectum
691 1293 753 1358 iter
776 1312 890 1357 versus
904 1292 1010 1371 Acon,
1024 1291 1279 1356 vellificarerunt
1302 1290 1344 1355 ad
1358 1291 1536 1376 predictam
1551 1291 1690 1356 insulam

541 1395 741 1480 capiendam,
755 1403 790 1459 et
797 1393 901 1479 ipsam
917 1393 1139 1472 intraverunt3
1155 1413 1218 1477 qua
1232 1393 1339 1458 insula
1353 1393 1447 1458 valde
1458 1401 1510 1456 est
1524 1394 1688 1478 opulenta,

542 1508 580 1562 ut
608 1496 736 1574 dicitur,
765 1509 799 1560 et
828 1503 963 1559 vocatur
990 1492 1106 1558 'I'unin
1165 1493 1294 1573 Statim,
1322 1513 1410 1572 vero,
1439 1503 1518 1578 post
1548 1504 1686 1560 mortem

542 1598 678 1683 predicti
697 1597 806 1684 Regis,
828 1596 915 1661 filius
945 1617 1036 1675 snus,
1062 1594 1233 1681 Philippus
1262 1594 1404 1675 nomine,
1430 1594 1552 1660 electus
1581 1597 1689 1660 estin

542 1699 665 1784 Regem
680 1701 890 1778 Francorum,
904 1697 1068 1763 Dominus
1083 1707 1204 1778 autem,
1219 1697 1410 1776 Edwardus‚
1425 1699 1480 1782 qui
1499 1709 1594 1763 antea
1609 1698 1692 1765 obli·

540 1811 634 1886 gatus
659 1803 765 1867 iuerat
783 1802 929 1887 predicto
945 1799 1027 1885 Regi
1051 1800 1216 1879 defuncto,
1231 1799 1310 1864 dum
1333 1800 1467 1878 viveret,
1482 1799 1559 1865 licet
1583 1800 1618 1865 in
1632 1801 1690 1866 ali-

541 1925 605 1989 quo
631 1926 698 1970 non
721 1905 881 1989 obligatus
908 1903 951 1966 sit
968 1900 1113 1987 predicto
1138 1901 1206 1967 filio
1232 1923 1303 1981 auo,
1317 1911 1426 1966 tamen
1442 1903 1483 1967 ad
1498 1903 1688 1988 petitionem

541 2029 643 2086 suam,
658 2007 693 2070 in
705 2027 802 2071 manu
811 2004 918 2070 valida
927 2012 961 2068 et
975 2012 1108 2083 armata,
1119 2025 1194 2068 cum
1210 2003 1321 2068 multis
1337 2005 1494 2069 militibus
1504 2015 1538 2070 et
1548 2007 1692 2072 servien-

541 2109 628 2174 tibus
654 2110 696 2174 ad
715 2107 911 2175 veniendum
936 2105 978 2170 ad
1000 2127 1076 2170 eum
1099 2105 1212 2191 posuit
1227 2106 1310 2170 sein
1325 2127 1423 2186 mare,
1438 2107 1490 2172 die
1505 2108 1599 2173 Jovis
1613 2119 1691 2193 post

540 2208 660 2272 festum
686 2205 798 2272 Sancti
827 2207 998 2272 Michaelis
1019 2207 1222 2292 preteritum,
1245 2209 1311 2292 qui,
1336 2208 1388 2274 die
1415 2209 1588 2275 Dominica
1613 2221 1688 2276 ante

539 2310 659 2372 festum
671 2309 780 2374 Sancti
797 2309 935 2374 Martini
950 2308 1107 2394 applicuit
1120 2309 1162 2374 ad
1175 2309 1297 2375 Tunes.
1355 2312 1403 2376 Et
1416 2321 1490 2377 ante
1512 2313 1688 2378 adventum

540 2433 635 2474 suum
662 2411 734 2475 ch
756 2411 890 2476 Francie
914 2422 948 2477 ct
975 2410 1129 2488 Karolus‚
1143 2420 1278 2496 patruus
1305 2435 1394 2495 auus,
1409 2415 1551 2480 fecerant
1575 2438 1688 2501 pacem

539 2536 614 2578 cum
630 2513 718 2598 Rege
733 2513 774 2578 de
788 2515 910 2594 Tunes,
924 2523 959 2578 et
973 2524 1052 2577 tunc
1071 2513 1114 2578 ad
1137 2512 1331 2598 petitionem
1354 2516 1575 2602 predictorum
1592 2518 1689 2602 Regis

541 2617 677 2682 Francia
706 2625 741 2681 et
770 2615 898 2695 Karoli,
926 2637 984 2701 per
1014 2613 1133 2679 bonam
1162 2617 1367 2682 securitatem
1398 2621 1515 2685 iactam
1545 2617 1690 2684 Domino

541 2719 712 2798 Edwardo,
726 2717 796 2804 ipse
811 2717 872 2784 ivit
894 2740 969 2784 cum
990 2717 1037 2783 eis
1053 2717 1094 2781 ad
1110 2716 1275 2798 Ceciliam,
1291 2729 1325 2784 et
1339 2719 1497 2806 applicuit
1511 2722 1553 2786 ad
1566 2721 1689 2807 Trapes

542 2822 639 2886 salvis
654 2821 792 2886 navibus
807 2832 841 2888 et
855 2821 943 2886 omni
959 2819 1113 2885 comitiva
1133 2842 1200 2884 sua.

318 2915 528 3041 mm&
587 2925 837 2991 Memorandum
857 2924 945 3010 quod
960 2924 1043 2989 circa
1057 2924 1177 2987 festum
1199 2922 1310 2987 Sancti
1324 2923 1432 3008 Egidii
1452 2925 1602 3011 proximo
1615 2947 1689 3011 pre·

318 3021 501 3109 amantea
542 3029 673 3093 teritum
703 3027 881 3093 comitissa
908 3026 1060 3091 Flandrie
1088 3025 1176 3109 cepit
1212 3025 1323 3090 omnia
1357 3028 1471 3092 catalla
1498 3028 1629 3092 inventa
1653 3029 1689 3093 in

318 3126 380 3158 rum.
541 3130 692 3195 Flandria
717 3138 932 3194 mercatorum
956 3127 1083 3210 Anglie,
1104 3126 1233 3208 wallia,
1259 3125 1413 3209 Ybernie,
1437 3140 1470 3193 et
1495 3129 1592 3194 etiam
1606 3129 1691 3193 Vas·

540 3233 643 3311 conie,
659 3231 826 3300 occasione
851 3229 1020 3314 cujusdam
1042 3228 1189 3293 redditus
1213 3229 1312 3292 annui
1338 3251 1433 3313 quem
1456 3231 1528 3316 ipse
1542 3230 1691 3315 exigebat

540 3358 560 3399 a
588 3333 732 3398 Domino
759 3335 847 3419 Rege
867 3331 992 3417 Anglie.
1039 3331 1106 3399 Qui
1121 3353 1198 3397 vero
1221 3331 1366 3396 redditus
1390 3355 1410 3396 a
1438 3343 1524 3398 retro
1546 3333 1610 3397 fuit
1631 3354 1691 3418 per

539 3436 648 3522 plures
663 3457 777 3515 annos,
793 3446 830 3499 ut
854 3435 925 3522 ipsa
950 3433 1087 3499 dicebat.
1132 3434 1178 3496 Et
1191 3433 1335 3518 predicta
1349 3435 1462 3500 catalla
1487 3435 1597 3500 statim
1611 3457 1691 3500 ven-

540 3537 633 3616 didit,
652 3547 687 3601 et
709 3537 858 3603 denarios
886 3537 963 3602 inde
988 3545 1101 3622 captos
1126 3536 1214 3620 cepit
1238 3533 1280 3600 ad
1305 3557 1389 3621 opus
1415 3558 1523 3615 auum,
1538 3535 1689 3600 omnibus

539 3639 692 3725 predictis
721 3640 953 3704 mercatoribus
982 3663 1001 3704 a
1030 3649 1115 3703 terra
1141 3661 1200 3704 sua
1222 3639 1345 3724 ejectis.
1401 3639 1499 3704 Unde
1525 3639 1689 3704 Dominus

540 3743 731 3822 Edwardus‚
760 3743 816 3827 qui
857 3741 963 3806 adbuc
992 3741 1056 3805 fuit
1079 3740 1115 3804 in
1139 3740 1286 3824 partibus
1312 3739 1457 3821 Francie,
1480 3739 1688 3826 proficiscens

540 3867 655 3911 versus
669 3846 801 3914 Terram
818 3845 982 3924 Sanctam,
998 3864 1095 3930 quam
1111 3841 1176 3909 cito
1202 3843 1328 3909 audivit
1350 3863 1497 3907 rumores
1513 3841 1625 3906 detali
1640 3842 1690 3906 in-

538 3950 623 4036 juria
647 3960 682 4015 et
706 3949 895 4015 crudelitate
918 3967 978 4034 per
1007 3944 1219 4012 comitissam
1248 3943 1436 4010 hominibus
1459 3942 1562 4028 patris
1586 3942 1637 4007 sui
1656 3954 1690 4009 et

541 4053 608 4118 suis
623 4053 718 4133 facta,
733 4051 860 4138 scripsit
876 4049 1020 4115 Domino
1031 4047 1123 4132 Regi,
1133 4045 1216 4133 patri
1232 4068 1303 4124 suo,
1312 4055 1346 4110 et
1360 4043 1483 4130 Regina
1498 4053 1532 4109 et
1545 4045 1691 4110 Domino

543 4156 623 4241 Regi
636 4155 839 4234 Alemannis,
853 4163 888 4218 et
911 4153 1001 4218 omni
1030 4150 1166 4217 consilio
1186 4149 1284 4234 Regn's
1310 4158 1344 4213 et
1370 4147 1472 4232 regni,
1486 4156 1537 4227 ut,
1559 4146 1692 4232 quibus-

541 4281 667 4344 cunque
693 4257 797 4324 modis
822 4267 966 4343 possent,
981 4261 1169 4342 gravassent
1183 4252 1302 4317 dictam
1318 4249 1527 4316 comitissam
1542 4259 1576 4316 et
1591 4266 1690 4319 suosi
