3920 5022
560 591 602 648 66
922 600 1083 646 cnosson
1107 601 1284 646 unionum
1309 602 1354 644 nr

604 754 689 819 Item
704 753 745 819 de
760 753 882 818 clericis
897 762 932 818 et
945 752 1034 816 laicis
1050 751 1105 836 qui
1119 751 1252 816 elericos
1267 751 1482 836 captivarunt.

601 857 654 921 Ad
668 857 810 942 primum
835 877 1049 940 responsum3
1072 853 1100 917 si
1125 853 1241 938 aliquis
1266 875 1359 938 egere
1379 853 1459 918 velit
1480 851 1710 935 alitercunque‚

560 960 640 1024 ordo
651 959 735 1044 juris
747 958 936 1023 observetur
947 959 1004 1022 scd
1014 957 1071 1021 ubi
1085 957 1169 1021 lacta
1178 965 1229 1021 est
1242 958 1355 1042 rapina
1366 955 1509 1034 ecclesie,
1519 955 1572 1020 vel
1583 955 1710 1032 clerico,

558 1061 610 1126 vel
621 1061 715 1139 laico,
726 1060 779 1125 vel
790 1060 831 1124 ad
841 1081 953 1124 corum
965 1058 1212 1144 protectionem,
1221 1059 1274 1122 vel
1283 1080 1422 1144 persone
1433 1057 1711 1140 ecclesiasticoper

556 1185 729 1249 personam
744 1161 991 1228 eeclesiasticam
1006 1161 1057 1225 vel
1071 1161 1196 1240 laicam,
1211 1162 1358 1226 vallaico
1373 1183 1432 1246 per
1441 1161 1611 1240 clericum3
1634 1159 1710 1244 quia

558 1274 647 1328 metu
662 1263 792 1348 majoris
807 1262 940 1347 periculi
962 1270 1030 1324 tam
1043 1261 1250 1326 ccclesiarum
1271 1261 1416 1346 injurias,
1440 1259 1709 1346 quamproprias,

556 1362 1709 1450 postmultasetindefensasrelinquentcsinjurias,quas,quousqueulte-

555 1466 632 1532 riori
648 1487 683 1531 se
699 1466 753 1530 vel
768 1487 826 1530 sua
841 1466 1081 1530 committerent
1095 1465 1283 1544 discrimini,
1301 1487 1420 1551 cogens
1435 1465 1585 1530 existimo
1600 1473 1634 1528 et
1647 1465 1708 1527 im·

555 1569 689 1654 pediens
713 1590 773 1652 pro
799 1567 930 1652 quibus,
945 1567 1129 1652 Episcopus
1152 1567 1187 1632 in
1213 1589 1272 1632 sua
1292 1568 1412 1632 diocesi
1434 1589 1531 1654 super
1551 1567 1614 1630 hiis
1637 1566 1707 1631 fieri

555 1671 652 1736 faciat
676 1671 932 1756 inquisitionem,
955 1670 1039 1754 quis,
1063 1693 1083 1734 a
1106 1692 1182 1756 quo,
1202 1671 1291 1755 quid,
1310 1680 1478 1756 quantum,
1502 1680 1537 1735 et
1555 1692 1620 1754 quo
1634 1670 1706 1734 loco

553 1774 713 1839 violenter
730 1774 900 1839 abstulerit
913 1783 947 1839 et
962 1773 1095 1838 domum
1111 1773 1305 1858 spoliaverit,
1321 1783 1364 1853 et,
1379 1772 1565 1838 nominibus
1581 1772 1708 1858 specifi-

554 1875 646 1954 catis,
668 1875 809 1941 nitentur
830 1873 972 1960 legitime
987 1883 1021 1938 et
1034 1873 1069 1938 in
1088 1873 1181 1938 factis
1196 1875 1333 1939 notoriis
1348 1884 1382 1939 et
1396 1875 1586 1953 manifestis,
1601 1873 1706 1938 moni·

554 1977 644 2041 tione
660 1977 829 2061 premissa,
842 1977 900 2039 fiat
914 1976 1174 2058 condempnatio.
1219 1977 1261 2039 ln
1272 1976 1406 2040 occultis
1419 1987 1527 2041 autem
1536 1975 1708 2042 inficienti-

553 2079 627 2158 bus,
646 2079 811 2164 judicatur
828 2077 987 2163 purgatio.
1031 2077 1077 2141 Et
1093 2079 1168 2163 quia
1182 2077 1358 2142 multitudo
1373 2079 1471 2142 estin
1487 2101 1595 2159 causa,
1610 2100 1706 2164 expe-

553 2181 612 2261 dit,
627 2192 666 2247 ut
681 2182 789 2260 credo,
805 2180 893 2265 quod
907 2178 1070 2245 severitati
1085 2178 1318 2263 aliquantulum
1334 2181 1489 2245 tredauu.

592 2283 647 2345 Ad
662 2282 841 2346 secundum
855 2301 1059 2365 responsum,
1069 2282 1157 2363 quod
1173 2279 1278 2344 clerici
1293 2303 1381 2344 arma
1390 2289 1558 2365 portantes
1572 2280 1606 2343 in
1630 2280 1704 2364 ipso

550 2381 713 2461 conflictu,
733 2381 757 2444 si
784 2402 825 2444 ex
844 2391 936 2466 parte
952 2379 1107 2464 ipsorum,
1124 2379 1180 2463 qui
1189 2379 1351 2463 justitiam
1366 2379 1521 2444 fovebant
1535 2390 1568 2444 et
1581 2379 1705 2445 violen-

549 2482 628 2546 tiam
643 2480 852 2566 repellebant,
866 2479 908 2543 ad
929 2488 1060 2563 tempus
1077 2478 1317 2562 suspendantur
1331 2478 1371 2544 ab
1387 2479 1503 2559 officio,
1519 2489 1553 2545 et
1567 2480 1703 2548 decurso

550 2594 697 2668 tempore
723 2580 986 2667 dispensationis,
1000 2580 1129 2666 possint
1149 2581 1192 2644 ad
1211 2580 1353 2646 officium
1371 2582 1510 2662 restitui,
1528 2583 1557 2647 si
1575 2585 1703 2650 nullum

551 2695 660 2749 tamen
681 2683 899 2770 percusserint
912 2683 965 2747 vel
990 2682 1124 2746 leserint
1144 2680 1178 2745 in
1204 2681 1317 2746 eodem
1341 2683 1507 2749 conflictu.
1567 2686 1620 2750 Ex
1638 2687 1701 2752 hiis

549 2789 672 2874 liquere
693 2787 854 2874 poteritis,
869 2786 947 2872 quid
965 2784 1006 2850 dc
1028 2785 1098 2850 aliis
1115 2785 1263 2850 sentiam.
1309 2786 1386 2868 Qui,
1401 2798 1520 2868 autem,
1536 2812 1611 2854 cum
1630 2812 1703 2874 pre-

550 2889 692 2955 donibus
708 2912 765 2955 scu
776 2888 960 2974 raptoribus
972 2896 1182 2953 cucurrerunt
1191 2899 1224 2952 et
1232 2889 1331 2972 prede
1343 2912 1402 2954 seu
1412 2890 1521 2975 rapine
1530 2893 1701 2978 participes

547 2991 725 3070 extiterint,
740 2989 910 3076 presertim
925 2989 1132 3054 ecclesiarum
1146 2999 1180 3053 ct
1193 2989 1493 3071 ecclesiasticorum,
1513 2992 1635 3057 ordinis
1651 2995 1702 3058 sui

546 3094 735 3179 subjaceant
749 3091 902 3176 pericula,
916 3103 950 3156 et
960 3090 1126 3155 beneficiis
1138 3091 1256 3174 privari
1267 3093 1411 3176 poterint
1422 3095 1463 3160 de
1477 3095 1599 3180 rigore3
1623 3118 1699 3161 con-

545 3203 595 3258 tra
607 3215 688 3279 quos
703 3214 761 3276 per
772 3193 906 3255 modum
916 3190 1147 3276 inquisitionis,
1156 3200 1195 3254 ut
1207 3212 1305 3276 supra
1320 3193 1444 3260 dictum
1459 3206 1520 3276 est,
1535 3219 1607 3262 reos
1628 3219 1699 3264 csse

543 3293 795 3381 procedendum.

588 3394 642 3459 Ad
667 3393 801 3458 tertium
822 3413 1026 3478 responsum,
1052 3393 1139 3479 quod
1166 3417 1240 3460 cum
1266 3399 1488 3464 malefactores
1512 3401 1611 3466 acad
1637 3402 1699 3466 alia

544 3493 777 3572 transtulerint,
797 3495 843 3559 ita
862 3495 950 3579 quod
964 3495 1085 3560 ibidem
1100 3495 1269 3562 citationes
1284 3501 1451 3584 pervenire
1465 3523 1532 3566 non
1547 3515 1698 3586 possunt,

543 3597 673 3684 puplice
688 3606 828 3681 ponatur
845 3597 987 3662 edictum
997 3619 1055 3682 per
1070 3597 1282 3684 Episcopum,
1297 3601 1383 3686 quod
1400 3601 1485 3666 idem
1502 3599 1696 3688 Episcopus,

544 3697 640 3762 certis
654 3696 793 3761 termino
809 3705 842 3761 et
861 3697 944 3776 loco,
968 3720 1065 3782 super
1078 3698 1177 3782 hujus
1207 3701 1328 3785 rapinis
1344 3713 1377 3766 et
1392 3701 1576 3787 raptoribus
1592 3704 1695 3770 lactu-

544 3820 599 3864 rus
620 3807 672 3863 est
681 3797 935 3881 inquisitionem,
948 3809 982 3863 et
997 3801 1206 3864 denuntietur
1221 3803 1383 3881 omnibus,
1398 3823 1535 3887 quorum
1550 3803 1696 3888 interest,

544 3901 632 3986 quod
646 3899 752 3965 eidem
766 3898 917 3962 intersint
927 3901 1140 3984 inquisitioni,
1163 3905 1188 3968 si
1213 3903 1274 3968 sibi
1288 3903 1429 3968 viderint
1443 3905 1604 3989 expedire.
1649 3909 1696 3975 Et

545 4003 600 4089 qui
624 4023 698 4067 reus
720 4001 873 4066 inventus
900 4002 997 4068 luerit
1014 4027 1073 4091 per
1087 4006 1288 4094 Episcopum
1313 4006 1388 4086 loci,
1409 4007 1443 4072 in
1470 4029 1534 4093 quo
1549 4009 1694 4110 denque,

543 4103 847 4185 excommuniceter,
862 4113 897 4170 et
921 4105 1133 4176 demandetur
1146 4111 1294 4178 executio
1308 4111 1455 4178 facienda
1469 4111 1635 4201 Episcopo
1659 4116 1693 4180 in
