3930 5088
546 639 803 686 vicacour‘ruu
829 639 1116 686 aonuonrnnuu.
1346 623 1404 697 171

257 785 407 873 proximo
432 790 608 876 precedens
634 791 721 876 apud
744 792 934 876 Burdegslia
958 791 992 856 in
1012 790 1183 857 Vasconis.
1229 791 1314 856 Nate
1329 811 1405 856 vero

257 892 389 956 fuerunt
402 893 432 958 ei
447 894 510 958 due
530 892 595 958 filie
610 894 645 957 in
659 896 757 958 Terra
773 894 902 974 Sancta,
925 915 1061 980 quarum
1075 917 1141 958 una
1155 904 1282 958 mortua
1297 904 1358 973 cst,
1372 903 1406 957 et

256 993 356 1056 altera
369 995 460 1058 venit
474 1015 548 1058 cum
571 1016 610 1059 eo
626 1004 748 1059 etcum
772 996 896 1080 Regina
915 1017 1018 1081 usque
1041 997 1075 1060 in
1094 995 1308 1074 Vasconinm3
1341 1016 1405 1080 que

255 1105 369 1179 postea
397 1096 516 1160 tradita
544 1105 596 1161 est
622 1097 662 1161 sd
693 1097 899 1162 nutriendam
927 1097 1103 1162 Comitisse
1127 1098 1168 1161 de
1193 1097 1314 1174 Puntif,
1340 1118 1403 1181 que

254 1197 419 1280 quondam
429 1197 491 1260 fuit
502 1198 627 1282 Regina
643 1197 836 1282 Hispannie,
851 1197 946 1261 matri
961 1197 1045 1262 dicte
1061 1198 1193 1282 Regina.

298 1298 425 1376 Postea,
435 1299 583 1384 proximo
593 1298 858 1362 dieanteiestum
870 1298 981 1362 Sancti
993 1299 1293 1383 Botuiiielegerunt
1303 1297 1400 1363 Cives
1413 1323 1450 1370 us
1470 1323 1557 1372 esua

252 1399 288 1462 in
312 1399 487 1464 cursous
510 1399 690 1463 irenaeum
721 1400 750 1463 a
776 1399 910 1479 waes,
934 1399 1105 1479 Maiorem,
1136 1399 1330 1486 aragonum
1360 1401 1400 1466 ss
1412 1387 1618 1514 ww

254 1501 406 1577 RokesIe,
420 1502 443 1566 J
445 1503 606 1566 ohannem
632 1502 738 1581 Hom,
753 1511 787 1566 et
801 1501 925 1566 Lucam
941 1501 982 1566 de
997 1502 1176 1566 Batencurt
1190 1503 1231 1565 ad
1246 1503 1400 1567 transire-
1578 1488 1584 1501 ⁵

251 1602 388 1666 tandum
404 1604 445 1666 ad
459 1603 639 1668 Dominum
655 1605 788 1688 Regem,
805 1602 889 1668 sicut
903 1623 1007 1687 nuper
1020 1604 1230 1668 mandaverat
1239 1625 1298 1688 per
1311 1604 1398 1668 litte-

251 1723 305 1767 ras
323 1725 399 1768 suas
414 1705 448 1768 in
462 1704 525 1769 hoc
540 1704 622 1768 libro
636 1704 842 1788 prescriptos,
852 1704 908 1789 qui
921 1703 1126 1789 arripucrunt
1140 1705 1203 1769 iter
1216 1725 1312 1768 suum
1322 1727 1398 1769 cum

252 1805 375 1871 honore
390 1806 441 1871 die
457 1808 550 1870 Lune
565 1807 712 1892 proxima
727 1805 955 1890 subsequente.

294 1905 472 1990 Elegerunt
494 1907 590 1971 etiam
607 1906 818 1970 Willielmum
834 1906 875 1972 de
890 1906 1067 1987 Dureham,
1083 1906 1270 1992 Philippum
1286 1908 1396 1973 Cisso-

250 2029 329 2088 rem,
343 2017 378 2073 et
402 2005 580 2074 Hearicum
606 2009 646 2072 de
663 2009 803 2096 Fruwyk
825 2010 877 2074 die
897 2010 1043 2095 predicto
1058 2011 1269 2075 antefactum
1284 2012 1396 2076 Sancti

251 2111 383 2190 Botulfi,
394 2121 433 2176 ut
443 2122 554 2176 essent
565 2110 729 2176 Custodes
741 2113 892 2176 Civitatis
903 2113 937 2176 in
949 2113 1096 2178 absentia
1107 2113 1254 2179 Maioris.
1283 2114 1395 2198 Assig-

248 2213 316 2276 nati
328 2223 437 2278 autem
449 2221 527 2276 surrt
536 2233 595 2297 per
606 2212 766 2277 Maiorem
779 2213 943 2278 Walterus
952 2213 983 2278 le
993 2215 1101 2294 Potor,
1113 2216 1229 2279 Petrus
1242 2213 1396 2296 Cusin‚et

249 2310 412 2376 Robertus
427 2313 468 2376 de
484 2311 709 2390 Meldeburne,
723 2313 810 2377 utin
825 2313 981 2377 nundinis
998 2313 1108 2379 Sancti
1125 2315 1248 2379 Botulfi
1262 2316 1395 2380 audiant

247 2435 360 2479 omnes
382 2415 527 2501 querelas
549 2415 649 2480 factas
665 2415 706 2479 de
731 2414 867 2479 Civibus
882 2413 1015 2495 ibidem,
1030 2426 1064 2480 et
1077 2417 1148 2481 illas
1165 2418 1394 2498 terminandas,

246 2516 316 2581 sine
337 2518 443 2603 aliquo
466 2518 592 2582 Ballivo
614 2518 854 2597 Nundinarum,
877 2519 961 2583 sicut
981 2521 1051 2584 Rex
1076 2518 1212 2586 Civibus
1234 2523 1395 2587 concessit

245 2619 333 2696 olim,
349 2620 478 2704 quando
502 2641 566 2704 pax
581 2621 753 2684 reformata
767 2619 831 2683 fuit
854 2619 938 2685 inter
962 2620 1051 2706 ipsos
1074 2633 1152 2706 post
1174 2624 1391 2689 turbationem

241 2721 335 2803 regni
350 2719 492 2784 habitam
508 2730 654 2803 tempore
669 2720 805 2783 Domini
820 2719 963 2783 Simonis
979 2719 1019 2784 de
1035 2721 1238 2787 Monteforti.

288 2821 415 2899 Postea,
435 2820 498 2904 ipsi
522 2820 619 2884 Cives
645 2841 664 2883 a
689 2821 741 2882 die
764 2842 827 2905 qua
846 2831 1048 2884 recesserunt
1070 2822 1105 2884 in
1126 2845 1229 2888 unum
1244 2847 1389 2890 mensem

243 2921 363 2986 reversi
378 2932 455 2984 sunt
469 2921 661 2998 Londoniis,
677 2920 811 2998 scilicet,
825 2930 897 2983 νιιο
912 2931 947 2983 x⁰
960 2921 1115 2985 kalendas
1128 2924 1278 3009 Augusti.

288 3022 416 3100 Postea,
430 3022 464 3084 in
478 3022 586 3107 vigilia
609 3022 728 3086 Sancte
744 3021 925 3104 Margarete
942 3020 1118 3106 Gregorius
1144 3023 1185 3092 de
1201 3027 1341 3092 Rokesle
1356 3039 1389 3092 et

243 3123 373 3209 quidam
394 3122 447 3187 alii
464 3123 562 3202 cives,
577 3123 661 3188 sicut
675 3123 721 3187 eis
736 3123 799 3186 fuit
812 3123 995 3207 injunctum
1009 3125 1192 3210 peripsum
1207 3128 1387 3195 Dominum

243 3227 376 3310 Regem,
391 3226 527 3310 profecti
550 3236 628 3290 sunt
640 3247 754 3290 versus
777 3245 865 3288 mare
881 3224 921 3287 ad
936 3226 1140 3292 meandum
1155 3229 1195 3294 de
1209 3251 1289 3315 pace
1304 3231 1388 3297 inter

242 3328 349 3413 ipsum
372 3329 496 3410 Regem
518 3335 552 3392 et
568 3327 777 3392 Comitissam
793 3327 943 3392 Flandrie
958 3329 1000 3392 ad
1015 3330 1139 3395 tardius
1155 3334 1241 3417 apud
1258 3333 1387 3400 Muste-

241 3431 313 3508 roil,
324 3430 422 3494 tertio
438 3430 490 3494 die
504 3441 582 3515 post
595 3431 716 3494 festum
728 3429 846 3494 Sancte
862 3431 1066 3515 Magdclene.

284 3537 297 3612 l
310 3532 383 3595 Hoc
398 3554 496 3609 anno,
506 3531 590 3596 infra
605 3540 679 3595 octo
694 3531 763 3596 dies
777 3539 853 3595 ante
865 3532 985 3595 festum
1001 3533 1111 3600 Sancti
1121 3536 1283 3604 Jobannis
1299 3541 1383 3627 Bap·
1398 3545 1435 3592 us
1444 3545 1535 3595 Μὰ·

239 3635 327 3714 tiste,
342 3634 417 3720 quia
433 3633 540 3699 Maior
554 3644 633 3698 tunc
646 3633 802 3717 temporis
818 3643 886 3698 arat
900 3633 935 3697 in
948 3635 1063 3700 itinere
1078 3658 1189 3702 versus
1204 3640 1385 3708 Dominum
1391 3610 1429 3668 s⁰'
1439 3609 1486 3658 143
1495 3619 1526 3659 μ’

240 3736 362 3822 Regem
387 3735 581 3800 existentem
596 3734 630 3798 in
645 3734 792 3819 partibus
811 3735 1046 3816 transmarinis,
1063 3751 1270 3805 accesserunt
1290 3743 1385 3809 Vice-

239 3837 385 3914 comites,
399 3860 474 3902 cum
489 3837 683 3923 quibusdam
691 3838 839 3902 discretis
850 3838 927 3902 viris
939 3837 1100 3921 Civitatis,
1115 3863 1224 3908 coram
1237 3845 1384 3912 Consilio

239 3939 375 4002 Domini
399 3939 497 4024 Regis
521 3941 608 4025 apud
622 3941 972 4022 westmonasterium
995 3965 1076 4028 quos
1100 3944 1147 4009 illi
1171 3947 1211 4011 de
1226 3946 1385 4029 Consilio,

239 4061 347 4105 coram
363 4041 556 4124 quibusdam
567 4043 683 4108 Judeis
703 4044 824 4110 ibidem
839 4044 1057 4130 presentibus,
1079 4058 1259 4130 posuerunt
1273 4050 1314 4113 ad
1335 4073 1385 4114 ra·

238 4143 372 4223 tionem,
382 4143 427 4206 ita
439 4143 583 4210 dicentes
593 4169 603 4222 3
626 4149 647 4182 “
659 4147 833 4210 Notorium
846 4157 896 4210 est
908 4147 1105 4231 quodJudci
1117 4151 1385 4216 omniaanimsiia
