3930 5088
580 635 838 681 νιοιιοοιιιτυιι
864 633 1143 680 nounouiaauu.
1370 616 1429 675 131

283 795 422 872 quatuor
432 787 531 872 pedes
543 797 577 853 et
583 809 683 852 unam
694 787 840 853 caudam.
860 787 1053 872 caputvero
1062 782 1297 870 luitagninum,
1307 781 1431 847 habens
1444 801 1544 850 Pam
1555 800 1614 864 eyes

284 890 365 954 duas
391 891 559 971 auriculas,
574 899 608 958 et
630 891 773 957 nescitur
795 889 823 954 si
844 890 926 955 illud
947 888 1131 976 prodigium
1146 888 1280 973 alicujus
1295 867 1651 996 insum-gum&

284 993 376 1056 nium
391 993 594 1079 significaret
638 994 704 1059 Sed
718 993 882 1059 notorium
897 1003 948 1058 est
962 992 1050 1079 quod
1064 991 1216 1056 domiuus
1232 987 1319 1054 illius
1340 998 1432 1054 tene·

285 1095 398 1177 menti,
414 1097 470 1162 ubi
478 1097 623 1181 predicta
631 1096 701 1162 ovis
710 1096 848 1183 peperit,
857 1117 955 1160 sanus
967 1103 1001 1160 et
1010 1092 1182 1160 incolumis
1193 1101 1228 1157 et
1236 1091 1433 1157 sufficienter

284 1198 423 1279 sobrius,
438 1209 472 1264 et
494 1199 529 1262 in
553 1208 637 1284 potu
661 1209 695 1264 et
718 1199 791 1264 cibo
814 1197 994 1276 modestus,
1017 1197 1133 1261 eodem
1158 1216 1244 1260 anno
1270 1193 1380 1258 subitb
1399 1201 1434 1258 et

282 1299 452 1387 inopinato
467 1300 583 1366 cecidit
597 1301 631 1365 in
646 1300 820 1386 paralisim,
834 1300 987 1366 amittens
1010 1321 1107 1364 usum
1132 1295 1286 1384 loquendi
1308 1306 1342 1362 et
1363 1296 1434 1361 offi-

282 1401 370 1467 cium
384 1425 500 1468 manus
516 1425 574 1468 sue
588 1404 710 1468 derue.

326 1503 421 1571 'Palea
436 1527 582 1571 rumores
596 1513 766 1586 venenant,
781 1505 834 1571 die
848 1504 1022 1570 Dominioa
1036 1512 1111 1568 ante
1133 1501 1433 1569 Annunciacionem

282 1605 502 1687 Dominicam,
516 1607 615 1672 misse
632 1607 808 1674 literatorie
821 1628 879 1692 per
900 1607 1073 1691 quemdam
1087 1604 1143 1690 qui
1157 1605 1221 1669 fuit
1234 1605 1276 1671 de
1290 1603 1433 1670 exercitu

286 1707 486 1788 Christiano,
524 1710 657 1791 scilicet,
686 1710 775 1797 quod
812 1731 887 1775 cum
917 1710 1023 1775 dictus
1051 1703 1214 1774 Dominus
1250 1708 1432 1772 Edwardus

282 1808 426 1874 venisset
439 1810 480 1875 ad
498 1810 627 1894 Turpes,
651 1813 736 1878 siout
759 1812 794 1876 in
821 1811 963 1877 secundo
983 1810 1062 1875 folio
1076 1809 1262 1895 precedenti
1276 1809 1432 1895 scriptum

282 1921 343 1990 est,
358 1921 393 1976 et
406 1913 566 1978 exercitus
584 1914 845 1980 Christianorum
859 1913 1003 1980 venisset
1017 1912 1073 1992 ibi,
1085 1910 1173 1997 quod
1187 1911 1221 1976 iu
1232 1912 1433 1996 parlamento

282 2014 394 2081 habito
419 2016 504 2080 inter
526 2017 615 2102 ipsos
631 2017 816 2082 ordinatum
831 2027 882 2082 est
896 2025 930 2082 et
939 2017 1096 2102 juratum,
1110 2014 1209 2101 quod,
1223 2015 1288 2080 isto
1302 2014 1433 2079 itinera-

282 2116 331 2181 rio
357 2117 538 2199 deficiente,
567 2120 794 2205 prolongatum
818 2128 870 2186 est
897 2119 1082 2205 passagium
1110 2139 1215 2202 usque
1242 2117 1283 2181 ad
1312 2117 1432 2181 festum

282 2221 473 2287 Natiuitatis
488 2223 599 2289 Sancti
613 2223 774 2289 Johannis
791 2223 940 2308 Baptista
965 2223 1000 2287 in
1025 2231 1092 2287 tres
1113 2243 1228 2287 annos.
1270 2221 1433 2287 Rexvero

283 2325 426 2406 Francis,
457 2328 528 2392 Rex
555 2327 687 2407 Cecilie,
712 2337 746 2392 et
775 2325 940 2391 Dominus
969 2324 1161 2404 Edwardus,
1189 2335 1224 2390 et
1249 2325 1370 2390 Comes
1391 2324 1432 2391 de

282 2429 405 2496 Peitera
420 2431 522 2496 etalii
537 2431 710 2516 Magnetes
725 2431 766 2496 de
781 2430 924 2497 exercitu
939 2428 1125 2494 Christiano
1146 2428 1209 2494 hoc
1219 2429 1412 2514 juraverunt
1419 2455 1430 2510 ς

280 2535 338 2598 sed
361 2536 525 2601 Dominus
552 2536 732 2601 Edwardus
754 2532 876 2618 juravit
897 2553 957 2619 per
981 2533 1213 2610 conditionem,
1229 2531 1389 2612 videlieet,
1403 2530 1432 2596 si

279 2636 349 2721 ipae
374 2638 496 2722 poterit
518 2647 699 2702 monstrare
721 2637 803 2721 Regi
826 2635 962 2701 Francis
987 2633 1212 2699 rationabilem
1238 2655 1370 2698 causam
1388 2631 1431 2698 ob

279 2759 374 2823 quam
389 2759 456 2802 non
471 2737 592 2822 poterit
605 2737 647 2800 ad
660 2735 742 2800 illud
757 2758 895 2822 sequens
909 2737 1108 2800 itinerarium
1123 2735 1243 2799 venire.

323 2840 370 2903 Et
383 2839 552 2904 sciendum
567 2849 619 2902 est
636 2838 766 2923 quando
780 2849 871 2904 totus
884 2838 1046 2902 exereitus
1060 2838 1124 2901 fuit
1138 2837 1350 2915 coadunatus,
1363 2857 1431 2900 non

279 2940 460 3005 fuitvisum
474 2940 532 3020 eis,
548 2939 636 3026 quod
655 2949 791 3025 possent
813 2961 974 3026 pugnasse
998 2948 1110 3003 contra
1126 2937 1314 3002 Soldanum.
1360 2937 1431 3002 Rex

281 3043 415 3108 Francis
429 3042 520 3108 vadit
532 3043 567 3108 in
578 3041 746 3108 Franciam
760 3043 801 3108 ad
816 3041 1055 3127 suscipiendam
1067 3062 1219 3106 coronam
1229 3061 1331 3104 suam.
1358 3040 1430 3104 Rex

278 3166 356 3211 vero
381 3145 501 3210 Cecilie
526 3145 567 3210 ad
594 3145 914 3231 Constantinopolim
944 3165 1041 3230 super
1071 3143 1206 3221 Grecos,
1235 3151 1269 3206 et
1294 3141 1431 3226 quilibet

279 3258 466 3335 magnatum
492 3247 527 3312 in
551 3249 690 3335 patriam
706 3271 809 3314 auam.
852 3249 899 3313 Et
912 3257 991 3313 tunc
1006 3246 1170 3312 Dominus
1184 3244 1365 3310 Edwardus
1379 3266 1430 3311 re·

278 3351 400 3418 mansit
423 3351 511 3438 apud
536 3351 705 3417 Palemam
729 3373 834 3438 usque
859 3352 901 3417 ad
914 3371 1061 3416 mensem
1076 3349 1169 3430 Maii,
1183 3358 1218 3413 et
1231 3356 1311 3413 tuno
1325 3357 1430 3414 ιιιιιι-

278 3456 410 3524 fretabit
433 3477 537 3542 usque
562 3455 604 3520 ad
626 3456 730 3520 Acon.
775 3454 841 3521 Sed
865 3453 936 3540 ipse
960 3473 1058 3538 super
1079 3452 1143 3518 hoc
1164 3451 1277 3537 posuit
1291 3463 1431 3539 quatuor

278 3557 502 3637 conditiones;
523 3556 628 3642 prima
645 3555 788 3622 conditio
811 3554 839 3621 si
859 3557 948 3641 Papa
965 3554 1063 3620 fuerit
1083 3563 1222 3633 creatus,
1239 3553 1295 3639 qui
1320 3554 1430 3639 prohi-

277 3661 386 3728 buerit
406 3659 592 3747 passagium
614 3679 718 3743 usque
744 3657 785 3722 ad
809 3680 963 3745 magnum
987 3656 1182 3743 passagium.
1243 3656 1325 3737 Alia,
1340 3678 1430 3736 vero,

279 3764 434 3843 conditio,
461 3763 489 3827 si
513 3760 700 3827 infirmitate
725 3760 877 3826 detentas
896 3760 1005 3826 fuerit.
1056 3759 1176 3840 Tertia,
1191 3759 1219 3824 si
1235 3770 1336 3845 pater
1350 3783 1429 3826 suus

279 3865 405 3932 obierit.
451 3865 586 3945 Quarta,
609 3864 637 3928 si
662 3885 777 3950 guerra
804 3863 962 3928 fueritin
987 3862 1149 3948 Angliam.
1192 3863 1239 3927 Et
1261 3862 1429 3928 sciendum

280 3978 332 4034 est
356 3967 444 4052 quod
468 3967 542 4032 telis
566 3977 617 4032 est
634 3973 712 4052 pax!
730 3967 815 4032 facta
831 3965 916 4032 inter
933 3967 1056 4052 Regem
1071 3965 1191 4032 Cecilie
1202 3975 1237 4030 et
1251 3967 1373 4050 Regem
1388 3966 1474 4039 deso.
1487 3977 1534 4024 ιιι
1547 3986 1577 4027 u.

276 4070 391 4149 Tunis,
415 4069 502 4154 quod
529 4071 601 4135 Rex
630 4070 671 4134 de
699 4071 802 4135 'funis
832 4069 957 4135 tenebit
981 4089 1116 4154 regnum
1147 4090 1242 4132 suum
1272 4069 1313 4133 de
1342 4069 1431 4153 Rege

278 4171 408 4250 Cecilie,
422 4170 588 4236 reddendo
611 4170 689 4235 inde
712 4171 742 4235 ei
766 4180 924 4256 quantum
949 4169 1074 4235 solebat
1089 4168 1222 4234 reddere
1239 4169 1432 4253 Imperatori
