3898 5022
823 561 1000 605 Peterson.
1392 541 1509 604 clxxxv

309 707 399 783 reign,
413 709 545 786 grunting
559 709 607 767 the
626 710 782 769 reversione
796 711 830 770 of
849 713 897 771 the
911 733 986 772 senne
1000 714 1073 772 efter
1086 713 1134 772 the
1147 713 1262 772 deceese
1275 713 1309 772 oi
1328 715 1412 772 Anne
1426 713 1510 790 Ledy

309 805 457 875 cochem
476 807 531 864 end
545 807 574 864 in
587 807 644 865 lile
656 807 730 866 form
744 829 776 868 οο
790 818 820 867 to
834 811 883 870 the
896 831 997 870 menor
1010 813 1044 871 of
1061 811 1188 890 Byrling,
1203 811 1276 870 niter
1289 811 1338 870 the
1352 811 1466 869 decenae
1480 810 1514 868 oi

308 1020 432 1066 dominum
443 1035 521 1082 nuper
532 1021 621 1081 Regem
632 1021 666 1066 eis
677 1021 740 1068 iscts
750 1035 792 1068 seu
808 1022 975 1082 scceptsoione
991 1023 1099 1083 ejusdem
1115 1037 1164 1070 non
1182 1025 1297 1071 obstante.
1331 1023 1425 1070 Virtute
1436 1022 1510 1082 ipsius

307 1101 364 1148 doni
384 1109 408 1149 et
424 1103 581 1149 concessionis
599 1103 720 1164 predictus
732 1103 869 1150 willelmus
889 1103 990 1151 Burdoli
1006 1105 1119 1165 predictis
1135 1103 1258 1152 Wilielmo
1275 1105 1373 1154 cliiiord
1393 1111 1417 1150 et
1428 1105 1509 1160 Anne,

307 1183 430 1232 Willelmo
437 1185 589 1243 etJohcnne,
600 1187 728 1232 sttornerit
736 1191 760 1232 et
770 1192 851 1246 poetes
861 1186 892 1233 de
902 1193 966 1234 stetu
977 1202 1021 1234 sno
1031 1188 1138 1248 predicto
1149 1188 1206 1234 inde
1218 1193 1329 1248 pretextu
1340 1187 1508 1248 premissorum

307 1265 367 1313 obiit
381 1267 482 1316 seisitus.
525 1267 557 1313 lit
579 1267 663 1314 dieunt
683 1267 749 1327 qnod
767 1267 902 1328 predictum
919 1269 1053 1316 mnnerinm
1071 1269 1101 1316 de
1119 1269 1269 1331 Quinbergh‚
1289 1269 1394 1330 exceptis
1410 1267 1508 1314 cxxviii.

306 1348 366 1394 scris
377 1353 439 1395 terre
458 1350 483 1395 in
501 1349 584 1396 eodem
601 1350 715 1407 monerio,
733 1355 829 1396 tenetur
845 1349 876 1397 de
892 1350 990 1397 domino
1007 1351 1073 1412 Rege
1094 1351 1120 1397 in
1139 1352 1216 1412 cupite
1235 1365 1279 1412 per
1292 1351 1418 1398 servicium
1435 1349 1507 1395 unius

307 1428 370 1475 leodi
381 1430 472 1487 militis,
485 1435 509 1476 et
520 1430 584 1490 quod
596 1431 702 1490 predicte
721 1430 819 1476 cxxviii.
837 1443 892 1476 sore
909 1435 972 1476 terre
990 1435 1105 1476 tenentur
1115 1429 1146 1476 de
1156 1431 1263 1477 monerio
1274 1430 1305 1476 de
1324 1427 1506 1489 Hammeum,

305 1524 350 1571 per
359 1512 424 1571 qnod
436 1513 561 1558 servicium
574 1512 694 1572 ignorent.
729 1509 853 1571 (Extent.)
887 1510 920 1556 Et
930 1512 996 1571 quod
1006 1511 1177 1558 edroceciones
1187 1511 1285 1558 ecclesie
1293 1510 1399 1572 predicte
1409 1509 1465 1555 ville
1476 1510 1506 1554 de

306 1591 447 1652 Quinbergh
458 1597 483 1638 et
490 1592 586 1638 ecclesie
598 1592 652 1638 ville
663 1592 694 1638 de
705 1592 807 1638 Gerston
819 1593 939 1652 pertinent
950 1592 1027 1638 eidem
1039 1593 1152 1650 meum-io,
1163 1593 1229 1639 unde
1240 1593 1370 1653 Qvinberg
1380 1591 1442 1638 niet
1454 1591 1504 1646 rii.

306 1679 331 1719 et
342 1673 444 1719 Gerston
456 1688 490 1720 xx
504 1687 605 1718 merces.
640 1671 738 1719 Gentele
756 1673 889 1719 moueriuru
900 1679 1034 1730 extentum,
1047 1679 1071 1720 et
1082 1674 1147 1735 qnod
1156 1674 1282 1720 udvocscio
1293 1673 1389 1720 ecclesie
1399 1672 1506 1733 predicte

306 1754 362 1800 rille
373 1753 475 1814 pertinet
483 1754 567 1800 eodem
578 1754 683 1799 manerio
694 1760 718 1799 et
729 1753 791 1799 niet
801 1767 836 1798 xx
844 1752 924 1799 libres.
970 1753 1002 1799 tte
1019 1754 1044 1804 iu
1061 1753 1167 1800 menerio
1181 1753 1212 1799 de
1232 1751 1337 1810 Qntele,
1353 1751 1463 1798 videlicet
1480 1752 1504 1796 in

307 1834 369 1881 rillis
385 1835 467 1880 Cnstre
484 1833 572 1880 Sancte
588 1834 710 1881 Trinitatis
726 1841 750 1881 et
766 1834 848 1880 Gsstre
864 1833 947 1881 Sencti
966 1833 1090 1881 Edmundi
1105 1835 1130 1880 in
1147 1833 1274 1882 hundredo
1285 1834 1316 1880 de
1327 1833 1432 1894 Esttiegg
1449 1839 1505 1878 snut

306 1921 369 1961 terre
393 1920 418 1961 et
443 1916 517 1972 curis,
534 1921 558 1962 et
574 1916 659 1963 dicunt
675 1916 740 1977 quod
757 1915 880 1963 udrocstio
896 1915 994 1963 ecclesie
1011 1917 1093 1963 Ssneti
1111 1915 1235 1962 Edmundi
1251 1915 1282 1962 de
1300 1913 1383 1963 Cestre
1401 1915 1505 1975 pertinet

305 1997 411 2043 menmio
427 1996 458 2042 de
475 1995 573 2042 Centele
589 2002 614 2043 et
629 1996 691 2043 velet
708 2013 724 2044 x
741 2011 839 2053 merces,
851 2001 875 2042 et
891 1997 956 2057 qnod
968 1997 1102 2058 predictum
1113 1997 1247 2044 rnsnerinm
1260 2001 1356 2044 tenetm
1366 1995 1397 2041 de
1407 1994 1504 2040 domino

308 2077 374 2140 Rege
384 2079 410 2124 in
420 2079 498 2139 espite
508 2092 551 2138 per
561 2079 687 2125 servicium
697 2079 770 2125 nnius
780 2078 871 2127 militis.
905 2079 1093 2141 Str-nmpsltsghe
1105 2080 1238 2127 menmium
1255 2084 1387 2134 extentum,
1398 2082 1422 2124 et
1439 2075 1504 2136 quod

305 2166 401 2208 tenetur
411 2161 442 2207 de
454 2161 557 2207 Domino
574 2159 642 2221 Rege
658 2161 683 2206 in
700 2161 777 2222 cspite
793 2175 836 2222 per
851 2162 978 2209 servicium
996 2162 1068 2208 unius
1078 2162 1170 2208 militis.
1205 2161 1268 2208 Item
1279 2161 1365 2207 dicunt
1376 2158 1442 2218 quod
1452 2172 1505 2218 pre·

305 2243 384 2290 dictus
396 2241 532 2291 willelmus
544 2242 644 2289 Bsrdoll
653 2243 721 2290 miles
732 2243 811 2290 tenuit
821 2243 860 2290 die
868 2258 917 2305 quo
925 2243 1018 2290 obiitin
1029 2243 1148 2290 dominico
1158 2256 1201 2290 suo
1212 2247 1240 2288 et
1251 2241 1281 2287 de
1291 2240 1361 2286 feodo
1372 2239 1505 2285 menerium

305 2324 337 2371 de
348 2323 479 2383 Scrouteby
490 2324 516 2369 in
527 2323 642 2370 comitutu
653 2325 768 2386 predicto.
803 2322 925 2388 (Extent.)
960 2325 992 2372 Et
1002 2325 1088 2372 dicunt
1098 2323 1163 2385 quod
1180 2323 1314 2384 predictum
1330 2321 1464 2368 menen-ium
1474 2320 1506 2366 de

305 2406 436 2467 Scrouteby
447 2411 543 2452 tenetur
553 2405 584 2451 de
594 2403 686 2450 'l'honrn
703 2403 871 2469 Huntyngleld
888 2421 932 2468 per
947 2407 1072 2454 servicium
1088 2407 1161 2452 unius
1176 2405 1239 2452 leodi
1255 2403 1344 2451 militis.
1377 2403 1410 2449 Et
1420 2403 1505 2448 dicunt

305 2488 371 2550 quod
389 2486 511 2547 predictus
528 2483 665 2532 willelmus
685 2485 786 2535 Bsrdcli
802 2491 862 2537 obiit
879 2489 919 2536 die
936 2489 1063 2537 Dominics
1081 2489 1107 2535 in
1125 2488 1185 2535 leste
1201 2487 1283 2534 Senoti
1300 2485 1386 2534 Jsoobi
1396 2484 1505 2545 Apostoli

304 2568 389 2616 ultimo
399 2567 519 2628 preterito,
528 2573 553 2614 et
563 2567 629 2626 qnod
640 2568 761 2627 predictus
768 2569 904 2618 willelmus
910 2571 1009 2618 Gliiiord
1020 2573 1080 2618 obiit
1090 2572 1142 2618 sine
1152 2571 1240 2617 herede
1251 2569 1388 2629 decerpere
1398 2567 1505 2628 predicte

305 2651 377 2698 Anne
387 2655 491 2698 exeunte
501 2649 544 2694 diu
554 2654 611 2696 ente
622 2655 722 2696 mortem
733 2651 834 2710 predicti
845 2650 962 2699 Wiiielmi
978 2651 1086 2699 Burdoli.
1121 2651 1153 2698 Et
1163 2651 1229 2711 quod
1240 2650 1348 2711 predicte
1358 2650 1463 2696 moneris
1474 2649 1505 2694 de

303 2731 457 2792 Quinbergh,
465 2729 571 2788 eenole,
580 2736 605 2776 et
615 2729 789 2792 Strumpslrngh
800 2745 856 2778 cum
867 2732 1016 2792 pertinentiis
1026 2731 1132 2792 predicte
1138 2732 1211 2777 Anne
1220 2746 1248 2778 so
1259 2730 1372 2792 predictis
1382 2730 1505 2776 willelmo

304 2812 406 2875 Phelipp
421 2818 446 2858 et
463 2810 575 2859 Jehsune
592 2815 703 2871 pretextu
720 2811 887 2871 premissorum
903 2814 953 2872 jem
966 2824 1088 2857 menore
1105 2811 1222 2857 debent.”
1255 2809 1327 2857 lleirs
1341 2811 1391 2856 sud
1407 2825 1463 2869 eges
1478 2824 1504 2855 es

302 2898 383 2943 ebore.
417 2893 527 2940 Another
538 2892 678 2954 inquisition
694 2907 742 2939 tres
758 2891 831 2940 taken
847 2898 872 2939 et
889 2891 971 2938 Lewes
987 2906 1018 2938 on
1035 2890 1154 2950 Ssturdsy
1164 2896 1224 2937 next
1234 2891 1295 2937 niter
1305 2890 1346 2936 the
1357 2891 1453 2937 ieestol
1462 2890 1502 2936 the

303 2975 440 3022 Exsltsticu
451 2973 478 3019 ol
486 2972 527 3020 the
540 2971 604 3032 Holy
615 2971 691 3029 Orous,
703 2970 762 3020 leth
773 2971 839 3033 Sept.
851 2972 867 3018 2
879 2969 944 3019 Heu.
956 2971 1000 3018 VI.
1011 2970 1091 3017 before
1103 2969 1208 3016 Riehnrd
1219 2969 1362 3030 Wymeldon
1373 2969 1502 3031 muetos,

305 3056 383 3102 which
400 3053 518 3100 describes
534 3052 575 3100 the
591 3057 677 3099 tenure
693 3052 720 3098 ol
736 3051 777 3100 the
793 3051 907 3099 deosned
920 3051 945 3098 in
956 3051 997 3099 the
1008 3065 1072 3099 nme
1083 3050 1161 3099 words
1171 3065 1197 3097 ss
1208 3051 1249 3098 the
1259 3051 1334 3098 ebore
1345 3051 1370 3097 in
1381 3051 1466 3112 regsrd
1477 3051 1505 3096 ci

304 3137 345 3184 the
356 3150 439 3182 monor
449 3135 476 3181 oi
485 3135 623 3195 Plnmpton,
635 3135 694 3182 with
704 3135 746 3182 the
756 3135 861 3184 liberties
871 3135 919 3182 und
930 3134 1056 3182 cdrcwson
1072 3135 1099 3181 ol
1112 3133 1154 3180 the
1164 3133 1263 3192 chumis,
1272 3133 1321 3179 sud
1332 3133 1373 3180 the
1383 3147 1468 3180 msnor
1477 3133 1505 3192 ot

304 3217 438 3276 Berkompe
453 3217 511 3264 slim
524 3218 667 3277 Burlrhome,
684 3218 743 3265 with
760 3219 801 3265 the
818 3218 922 3266 liber-ties
940 3217 989 3264 end
1006 3216 1132 3264 cdrowson
1150 3214 1176 3262 ci
1191 3215 1232 3262 the
1248 3215 1347 3274 eumn,
1358 3215 1415 3262 held
1426 3216 1453 3262 oi
1461 3217 1502 3264 tho

302 3297 376 3346 osstle
386 3297 413 3342 ol
423 3296 510 3354 Lewes,
522 3299 546 3344 in
559 3299 600 3345 the
610 3306 698 3360 county
709 3300 736 3347 oi
749 3299 847 3349 Snssex.
882 3299 980 3347 Debech
997 3299 1018 3348 is
1033 3314 1048 3345 s
1063 3298 1132 3346 unsll
1148 3297 1227 3360 purislr
1244 3298 1269 3344 in
1286 3299 1327 3344 the
1343 3298 1455 3346 hundred
1477 3299 1504 3345 ci

302 3377 416 3435 Wiliord,
427 3377 529 3434 Sulicllr,
539 3379 597 3426 with
608 3381 638 3425 ite
649 3381 739 3428 chnrch
751 3382 875 3430 dedicated
886 3389 912 3430 to
923 3382 964 3429 All
981 3381 1070 3441 Suints,
1082 3383 1194 3443 edjsoent
1204 3387 1229 3427 to
1241 3380 1342 3442 Boulge,
1352 3381 1410 3428 with
1422 3381 1501 3429 whieln

269 3511 275 3524 ,
299 3462 352 3509 itis
369 3456 587 3514 nowunitod,und
604 3459 690 3504 situste
706 3459 731 3504 in
748 3460 789 3506 the
806 3462 946 3522 desneryol
962 3460 1073 3511 Wilicrd.
1105 3461 1501 3524 WhInboroughorWltinbnrglt,

301 3541 360 3588 with
377 3539 408 3586 its
423 3536 514 3584 church
531 3537 656 3584 dedicsted
672 3543 698 3584 to
721 3534 759 3588 St.
771 3539 847 3600 Msry,
862 3541 911 3586 und
928 3541 1068 3599 (Ξοποοωη,
1079 3541 1137 3588 with
1148 3542 1178 3588 its
1189 3541 1280 3588 chureii
1291 3541 1416 3588 ‹tedmed
1429 3548 1453 3589 to
1465 3544 1500 3592 St

301 3623 478 3683 iiurgsretsre
488 3619 575 3666 sitente
590 3620 616 3665 in
635 3619 676 3667 the
694 3620 806 3669 hundred
824 3623 851 3669 cl
866 3622 974 3680 Mitiord,
986 3624 1034 3669 end
1051 3623 1153 3684 deenery
1169 3625 1196 3670 ol
1210 3623 1341 3685 Hingbsm.
1377 3623 1499 3688 Hsrding-

302 3705 358 3752 um
369 3703 389 3749 n
399 3701 575 3762 desumet,
586 3700 635 3746 md
646 3701 688 3748 ne
698 3703 820 3749 moror
832 3702 968 3765 Smtntngs
979 3704 1004 3750 tn
1023 3703 1190 3765 naengum
1201 3705 1315 3752 mnes
1326 3705 1353 3751 οι
1365 3685 1408 3752 ine
1424 3705 1500 3754 mre,

301 3785 442 3845 Bsrdcllby
451 3784 493 3831 the
503 3785 599 3831 encient
609 3784 691 3845 inmily
700 3785 728 3832 ol
736 3785 844 3846 (iurney.
878 3784 988 3847 Ceutley,
1000 3787 1058 3832 witin
1070 3788 1099 3834 its
1109 3787 1201 3834 church
1212 3787 1338 3834 dedicated
1349 3792 1374 3833 tc
1386 3788 1421 3834 St
1435 3789 1498 3836 ller-

300 3874 375 3930 guet,
387 3867 407 3914 is
425 3866 511 3914 situcte
530 3867 555 3913 in
575 3868 616 3914 the
627 3867 738 3915 hundred
748 3869 796 3916 end
811 3868 914 3930 deenery
924 3869 951 3918 oi
965 3869 1076 3928 Blodeld,
1085 3869 1133 3916 sud
1150 3871 1176 3916 iu
1193 3867 1257 3917 1406
1273 3868 1338 3917 John
1353 3869 1441 3918 Dowes
1453 3887 1501 3920 wne

300 3949 426 4012 presented
437 3953 462 3995 to
472 3948 520 3995 this
530 3949 621 3996 church
632 3951 664 4011 by
675 3949 715 3998 Sir
724 3949 832 3998 Willlem
845 3951 952 4009 Bsrdoli,
964 3951 1059 4014 knight,
1070 3951 1119 3998 end
1130 3952 1156 3998 in
1175 3949 1238 4001 14³7
1249 3951 1351 3998 Tlromcs
1369 3953 1456 3999 Muriel
1468 3956 1499 4014 by

302 4029 341 4078 Sir
355 4027 464 4074 written
475 4027 585 4089 Phelipp‚
602 4031 629 4076 in
645 4030 710 4091 right
728 4031 755 4077 ol
770 4030 842 4088 Jcsn,
857 4031 895 4078 lrls
910 4031 973 4081 wile.
1006 4030 1100 4079 Celsior
1109 4045 1137 4077 or
1147 4028 1239 4089 Castor,
1250 4032 1274 4078 in
1292 4031 1334 4078 the
1351 4031 1462 4094 hupdred
1474 4035 1502 4080 oi

302 4108 360 4155 ree
378 4105 463 4166 regg,
480 4121 528 4153 wse
545 4108 643 4156 divided
661 4110 780 4171 sneisntly
797 4111 848 4157 into
865 4116 914 4159 two
932 4111 1045 4172 purishes,
1056 4109 1092 4159 st
1103 4109 1203 4168 trutty,
1221 4110 1292 4171 giren
1309 4111 1340 4169 by
1350 4109 1415 4156 John
1434 4111 1497 4160 lord

345 4205 459 4251 erun.
476 4206 551 4251 eoo.
881 4197 900 4254 2
917 4192 935 4254 b
