3930 5088
594 639 849 686 vreacorrrrurr
877 640 1160 686 corbonianum.
1373 632 1433 689 143

280 815 398 858 omnes
423 801 616 858 mercatores
642 803 813 858 extraneos
836 793 871 858 in
886 792 1028 858 civitate
1052 793 1240 867 existentes,
1262 796 1318 881 qui
1344 819 1433 862 com-

281 897 531 961 municaverunt
546 917 621 960 oum
630 895 791 980 aliquibus
801 896 842 960 de
853 905 1016 981 potestate
1032 896 1208 963 Comitisse
1220 899 1372 964 Flandrie
1380 900 1434 966 vel
1489 931 1497 951 ·

281 998 453 1064 vendendo
464 999 514 1064 rel
526 999 664 1064 emendo
677 999 731 1063 vel
740 1000 919 1063 mutuando
931 999 982 1064 vel
997 999 1085 1064 bona
1096 1021 1208 1065 eorum
1219 1003 1432 1088 receptand03

279 1110 318 1165 et
340 1101 448 1180 etiam,
475 1100 531 1186 qui
556 1099 646 1165 lanas
669 1101 831 1166 adduxere
846 1111 938 1166 extra
953 1101 1105 1186 Angliam
1128 1101 1169 1167 ad
1193 1113 1303 1188 partes
1327 1113 1433 1169 trans-

283 1203 424 1267 marinas
440 1213 553 1268 contra
568 1202 823 1288 prohibitionem
839 1203 976 1270 Domini
991 1205 1102 1291 Regis.

326 1306 420 1370 'lunc
444 1304 601 1389 temporis
616 1305 726 1388 plures
751 1304 967 1370 Flandrenaes
990 1304 1115 1370 inventi
1140 1306 1175 1370 in
1191 1305 1333 1372 Civitate
1347 1309 1434 1393 capti

283 1408 425 1486 luerunt,
439 1417 473 1472 et
492 1407 527 1470 in
543 1406 691 1470 custodia
704 1406 803 1491 positi
818 1429 875 1493 per
889 1407 1014 1493 aliquos
1029 1408 1119 1489 dies3
1144 1409 1210 1494 qui,
1225 1419 1263 1474 ut
1278 1410 1435 1475 delibera-

283 1519 397 1574 rentur
410 1532 429 1572 a
444 1509 531 1573 dicta
545 1509 704 1589 custodia,
718 1509 950 1593 abjuraverunt
963 1531 1100 1596 regnum
1114 1512 1232 1598 Anglie
1247 1534 1313 1577 non
1328 1534 1435 1578 rever-

284 1613 362 1689 suri,
377 1611 532 1697 quamdiu
545 1611 693 1697 predicta
708 1611 876 1677 contentio
892 1612 1022 1678 duraret
1035 1613 1121 1680 inter
1135 1615 1258 1700 Regem
1273 1616 1390 1702 Anglie
1401 1625 1435 1682 et

278 1712 493 1778 'Comitissam
508 1713 667 1778 Flandrie.

326 1816 402 1880 Hoc
424 1837 510 1880 anno
535 1815 570 1879 in
594 1816 775 1900 septimana
800 1826 876 1882 ante
902 1816 1201 1882 Annunciationem
1226 1818 1434 1884 Dominicam

282 1917 427 1982 delatum
459 1927 511 1982 est
534 1918 715 1982 Londoniis
740 1919 951 1984 subnotatum
978 1917 1211 2002 transcriptum
1243 1919 1435 1999 litterarum,

283 2041 365 2104 qaas
392 2020 463 2083 Rex
487 2021 705 2101 Tartarorum,
743 2022 875 2086 nomine
912 2021 1047 2106 Albaga,
1080 2021 1261 2086 transmisit
1290 2023 1435 2088 Domino

283 2122 456 2202 Edwardo,
479 2132 558 2188 tunc
581 2123 732 2188 existenti
754 2123 841 2208 apud
854 2125 958 2202 Acon,
982 2145 1058 2188 cum
1074 2123 1240 2209 sexaginta
1254 2124 1342 2188 milia
1356 2124 1435 2188 'Par-

280 2234 427 2290 tarorum
442 2235 475 2290 et
489 2224 759 2304 Christianorum,
774 2235 811 2289 ut
826 2225 952 2290 dicitur.

329 2327 391 2392 Per
418 2327 572 2391 virtutem
601 2326 665 2390 Dei
688 2326 755 2391 vivi
780 2335 814 2390 et
844 2325 1118 2413 perpotentiam,
1147 2328 1271 2408 Thoan,
1300 2327 1436 2414 Albaga,

284 2429 429 2494 Domino
446 2429 606 2494 Eduardo
621 2427 685 2493 Dei
704 2429 807 2513 gratia
825 2427 1044 2494 illustrissimo
1068 2429 1166 2515 Regis
1185 2431 1300 2516 Anglie
1314 2431 1436 2516 primo-

279 2532 405 2616 genito.
450 2532 559 2598 Verba
573 2542 693 2611 vestra,
715 2554 775 2617 per
789 2533 933 2597 virorum
948 2533 1159 2618 providorum
1175 2543 1208 2598 et
1223 2533 1436 2598 discretorum

286 2636 476 2700 nuntiorum
492 2647 692 2714 nostrorum,
703 2634 835 2700 fratrem
851 2634 1066 2720 Reginaldum
1082 2634 1209 2713 Rossel,
1222 2635 1436 2700 Godefridum

283 2740 342 2819 ‚lde
353 2739 468 2815 waes,
483 2736 506 2801 J
508 2737 671 2801 ohannem
686 2735 716 2799 le
733 2736 862 2813 Parker,
873 2735 1050 2820 propositis
1065 2756 1105 2799 ex
1120 2746 1212 2820 parte
1226 2749 1344 2814 vestra,
1364 2736 1436 2799 dili·
1441 2763 1480 2822 χο,
1493 2762 1539 2810 129
1551 2769 1583 2812 ψ,

283 2848 398 2924 genter
411 2838 640 2902 intelleximus.
696 2837 802 2921 Super
820 2835 908 2900 bona
921 2845 1029 2901 vestra
1042 2835 1210 2899 voluntate
1225 2858 1322 2922 quam
1336 2835 1436 2920 pluri·

286 2963 378 3005 mum
407 2940 528 3004 fuimus
551 2937 664 3023 gavisi.
723 2937 846 3002 Verum
872 2937 970 3022 quod,
994 2958 1080 3001 anno
1095 2937 1262 3020 preterito,
1290 2937 1436 3002 infideles

281 3042 432 3124 SaraJeni
454 3040 637 3106 Christiane
652 3039 727 3104 fidei
747 3061 813 3104 non
829 3039 995 3103 modicum
1019 3038 1221 3123 injuriantes,
1243 3039 1436 3104 Christiania

286 3167 385 3230 quam
412 3143 560 3230 pluribus
585 3143 726 3228 dampna
751 3163 847 3229 quam
873 3141 1013 3228 plurima
1043 3141 1233 3221 intulerunt,
1263 3163 1438 3227 eorumque

286 3259 400 3326 terres,
414 3245 638 3332 possessiones
653 3246 819 3310 devastare
834 3243 967 3309 minime
978 3245 1183 3324 verebantur,
1198 3245 1319 3330 placuit
1332 3243 1439 3318 nobis,

287 3361 327 3415 ut
350 3349 473 3413 inimici
498 3348 603 3412 nostri
626 3349 747 3433 pariter
761 3357 796 3412 et
809 3346 920 3426 vestri,
942 3345 978 3410 in
993 3347 1100 3412 medio
1116 3347 1317 3427 circumdati,
1342 3347 1439 3413 nobis

288 3453 457 3537 utriusque
481 3451 617 3515 adversa
642 3449 832 3534 cogitantes,
858 3447 1052 3513 exercitibus
1077 3448 1216 3513 fortibus
1242 3470 1283 3514 ex
1303 3458 1440 3534 utraque

286 3565 390 3641 parte,
404 3552 469 3617 Dei
483 3550 549 3616 vivi
563 3551 693 3629 virtute,
711 3572 865 3637 suprema
885 3551 1023 3629 confusi,
1038 3550 1250 3637 extirpantur.
1295 3551 1439 3637 Ideoque

286 3654 440 3733 consulti,
466 3676 507 3719 ex
532 3663 624 3738 parte
650 3663 763 3718 nostra
788 3653 949 3719 Cemakar
973 3655 1132 3719 exercitus
1159 3655 1338 3739 capitaneo,
1364 3677 1439 3720 cum

283 3760 481 3827 exercitibus
501 3758 627 3838 validis,
646 3758 740 3824 vobis
754 3757 973 3822 mnsmittere
988 3757 1169 3823 curavimus
1178 3780 1187 3832 ;
1210 3759 1308 3837 unde,
1323 3780 1383 3822 vos
1399 3759 1439 3821 de

286 3874 407 3940 cetero,
422 3885 486 3927 una
501 3883 574 3926 cum
591 3862 677 3926 dicto
694 3860 853 3927 Cemalrar
864 3859 1002 3926 discrete
1016 3862 1234 3939 consulentes,
1249 3871 1316 3924 tam
1331 3862 1371 3925 de
1388 3860 1439 3924 die

287 3966 444 4050 quamde
466 3987 579 4030 mense
603 3986 678 4029 cum
697 3963 836 4028 inimicis
860 3964 1018 4049 preliandi
1037 3974 1131 4029 caute
1146 3963 1295 4029 ordinare
1309 3964 1438 4028 curetis.

290 4069 414 4133 Datum
431 4067 564 4152 Marage
575 4077 690 4150 quarto
706 4067 758 4132 die
773 4067 895 4133 mensis
908 4067 1120 4152 Septembris.
