3930 5088
563 561 624 622 teo
917 579 1079 626 cronius
1103 580 1279 626 untosuu
1304 580 1350 624 sn

332 735 482 796 s⁰·1⁴⁰.r⁰·
559 727 871 816 ethorislsuspectis
881 739 1109 818 tenentprout
1117 753 1157 798 ex
1166 729 1343 796 assertione
1351 728 1575 816 predicttrere
1583 727 1710 813 occepi·

559 851 644 908 mus,
658 829 751 896 vobis
771 831 974 914 mundemus,
985 833 1073 919 quod
1082 834 1123 899 ab
1135 833 1287 900 omnibus
1296 842 1331 898 et
1344 831 1480 918 singulis
1491 829 1637 915 ipsorum
1647 829 1708 895 bo-

559 953 635 998 uem
650 933 855 1000 venalitatem
870 937 1004 1022 cepistis
1026 947 1061 1002 et
1080 937 1293 1003 sufficientem
1308 933 1604 1019 manucaptionem,
1619 933 1708 1019 quod

558 1055 618 1122 per
626 1033 727 1120 ipsos,
742 1045 800 1102 sut
810 1036 892 1102 elios
907 1037 948 1102 de
964 1038 1043 1120 suis,
1057 1039 1237 1124 pen'culum
1251 1037 1338 1102 dicte
1348 1035 1494 1114 Civitati,
1508 1056 1568 1099 seu
1581 1033 1708 1120 predic-

558 1138 601 1202 tis
615 1137 765 1214 fidelibus
787 1139 909 1204 nostris
933 1162 1001 1206 non
1026 1141 1164 1221 eveniet,
1190 1161 1250 1205 nec
1274 1138 1417 1205 turbetio
1441 1137 1532 1223 pscis
1547 1147 1657 1201 nosue
1671 1137 1707 1202 in

559 1239 699 1307 Civitste
722 1240 875 1326 predicts,
889 1251 988 1328 prout
1012 1242 1058 1309 ibi
1079 1252 1114 1309 et
1127 1242 1203 1308 slibi
1218 1243 1338 1329 pluries
1353 1262 1412 1327 per
1425 1241 1614 1326 hujusmodi
1628 1261 1708 1304 con·

558 1342 751 1428 spirationes
774 1354 809 1409 et
832 1346 1097 1432 congregationes
1121 1345 1266 1411 occidere
1285 1344 1465 1410 consuerit.
1510 1343 1632 1406 Dstum
1649 1363 1707 1428 per

556 1468 689 1513 menum
704 1445 841 1513 Walteri
859 1447 901 1512 de
924 1449 1086 1525 Mertonu,
1104 1447 1293 1514 Cancellerii
1311 1447 1425 1526 nostri,
1446 1446 1535 1531 spud
1550 1445 1707 1511 Sanctum

558 1548 740 1614 Msrtinum
765 1550 924 1635 Magnum
951 1550 1211 1629 Londonisrum,
1235 1547 1391 1615 vicesimo
1421 1549 1473 1614 die
1503 1548 1707 1628 Decembris,

556 1673 643 1717 snno
657 1653 747 1740 regni
761 1654 866 1718 nostri
881 1654 1036 1719 secundo.

337 1770 495 1819 masam
601 1755 664 1821 Per
691 1755 756 1822 hoc
775 1756 873 1822 breve
895 1757 1091 1822 attechistus
1115 1765 1166 1822 est
1188 1755 1353 1842 predictus
1362 1753 1538 1833 walterus,
1562 1754 1705 1819 secunde

334 1836 522 1963 wne
557 1857 609 1922 ue
634 1868 710 1925 ann
732 1859 861 1938 name,
881 1869 916 1924 et
934 1859 1088 1924 dminus
1102 1879 1161 1943 per
1175 1857 1359 1942 captionem
1373 1853 1546 1921 ‹tuotesm
1560 1855 1704 1920 virorum

557 1958 598 2024 de
613 1957 765 2024 civitate.

600 2059 676 2127 Cito
705 2070 830 2150 postes,
858 2071 937 2148 post
961 2063 1081 2128 festum
1109 2059 1374 2126 Circumcisionis
1400 2059 1548 2139 Domini,
1578 2059 1706 2124 Maiore

555 2173 589 2232 et
612 2162 748 2230 Civibus
770 2163 1038 2230 convenientibus
1061 2166 1097 2231 in
1124 2163 1311 2243 Gildhnllin,
1333 2162 1470 2249 predicti
1492 2162 1641 2228 homines
1663 2163 1706 2228 de

555 2265 680 2344 officiis,
702 2265 758 2351 qui
780 2264 966 2330 habuerunt
994 2276 1098 2331 curtes
1128 2287 1186 2352 per
1214 2265 1338 2331 dictum
1360 2265 1554 2344 Wolterum,
1580 2266 1704 2332 detule-

555 2375 633 2431 runt
654 2378 758 2432 certes
775 2365 847 2431 illes
862 2388 970 2431 eorem
986 2365 1132 2446 Μαίονος
1156 2365 1274 2451 quibus
1294 2366 1389 2431 unice
1403 2388 1479 2452 pers
1495 2365 1589 2452 sigilli
1605 2365 1705 2432 Com-

555 2467 724 2533 munitetis
741 2467 984 2532 Londoninrum
999 2477 1050 2531 est
1064 2486 1218 2552 appense,
1233 2489 1295 2552 que
1310 2489 1425 2533 omnes
1446 2478 1524 2533 sunt
1537 2470 1655 2535 tradite
1669 2470 1703 2532 in

555 2591 670 2635 manus
687 2567 834 2648 Maioris,
856 2577 894 2632 ut
915 2589 970 2633 ees
985 2567 1147 2633 custodiet
1161 2590 1329 2656 quousque
1344 2570 1432 2636 eliud
1445 2569 1522 2636 inde
1537 2571 1704 2657 provisum

555 2671 663 2737 fuerit.

599 2775 727 2854 Postes,
742 2771 794 2840 die
816 2773 912 2838 Lune
938 2781 1015 2859 post
1037 2770 1180 2838 Octebss
1202 2771 1313 2838 Sancti
1335 2772 1476 2853 Hillmii,
1496 2773 1604 2840 Maior
1626 2774 1704 2841 feeit

556 2877 665 2942 venire
688 2877 759 2942 illes
779 2879 882 2941 certas
900 2875 936 2940 in
957 2875 1126 2960 Hustingo
1148 2895 1256 2939 coram
1274 2874 1364 2939 omni
1387 2875 1520 2961 populo,
1541 2897 1603 2961 que
1622 2877 1704 2942 lecte

558 2989 635 3046 sunt
649 2979 801 3045 distincte
821 2989 855 3044 et
874 2988 995 3064 aperte,
1013 2988 1047 3043 et
1069 2977 1276 3063 quamplures
1291 2976 1417 3042 articuli
1432 2980 1466 3042 in
1481 2978 1544 3042 illis
1559 2979 1704 3044 contenti

556 3082 706 3168 expositi,
728 3081 785 3165 qui
810 3090 888 3144 sunt
911 3079 1081 3144 manifeste
1107 3078 1149 3144 sd
1172 3079 1350 3164 dampnum
1377 3081 1478 3145 totius
1500 3080 1650 3146 civitatis
1671 3093 1705 3148 et

556 3185 657 3250 totius
680 3182 788 3268 regni3
810 3191 845 3246 et
863 3181 937 3246 ideo
949 3194 1137 3268 preceptum
1158 3191 1220 3260 est,
1234 3183 1432 3250 assentiente
1447 3193 1517 3249 tots
1531 3206 1704 3250 commune

331 3314 367 3361 ῃ,
381 3314 452 3361 mr,
462 3313 532 3359 adq.
556 3285 706 3351 Civitatis
720 3283 842 3348 ibidem
856 3292 1017 3369 presente,
1032 3282 1120 3368 quod
1139 3282 1193 3348 ille
1216 3293 1303 3349 certe
1318 3285 1385 3350 sint
1398 3286 1520 3351 nullius
1535 3289 1705 3369 momenti,

333 3377 543 3488 mmm*
554 3396 589 3453 et
611 3387 698 3473 quod
720 3386 868 3452 homines
883 3386 924 3451 de
944 3385 1057 3451 officiis
1072 3385 1191 3451 iscimt
1205 3386 1311 3452 officie
1325 3409 1394 3470 sus,
1408 3389 1493 3455 sicut
1507 3399 1604 3455 entes
1620 3392 1703 3457 sole-

554 3489 644 3568 bant,
659 3510 722 3573 qus
743 3490 823 3555 hors
844 3499 879 3555 et
900 3488 958 3554 ubi
972 3489 1144 3569 voluerint,
1159 3499 1194 3555 et
1213 3490 1268 3554 ills
1282 3501 1414 3575 portent
1428 3492 1469 3555 nd
1484 3493 1703 3573 vendendum,

554 3589 611 3655 ubi
625 3589 790 3654 voluerint
812 3591 895 3655 infre
911 3590 1086 3655 Civitatem
1102 3601 1136 3655 et
1149 3601 1261 3671 extre;
1284 3593 1341 3656 sed
1356 3591 1445 3676 quod
1460 3611 1558 3674 opere
1572 3592 1701 3658 illorum

555 3693 621 3757 sint
633 3692 763 3757 bonnet
773 3690 886 3776 legalis
895 3691 956 3755 sub
968 3691 1230 3777 pensamittendi
1244 3692 1309 3756 ille.
1355 3693 1452 3759 Quod
1467 3691 1701 3776 proclamatum

554 3795 616 3861 fuit
630 3815 688 3881 per
706 3803 810 3859 tntum
826 3793 1011 3858 Civitatem.

328 3927 476 3998 f,140‚,0‚
590 3897 805 3980 (Edwardus,
814 3894 879 3961 Dei
886 3895 988 3982 gretie
996 3895 1067 3959 Rex
1075 3894 1203 3980 Anglie,
1213 3894 1376 3960 Dominus
1387 3895 1567 3981 Hybernie,
1579 3908 1612 3965 et
1622 3899 1700 3965 Dux

335 4019 419 4068 tinere
430 4013 530 4065 nomint
554 3999 761 4088 Aquitcnnie,
772 3998 903 4080 Maiori,
911 3996 1177 4078 Vioecomitibus,
1189 4009 1223 4063 et
1237 3999 1463 4066 communitati
1476 4001 1626 4068 Civitatis
1642 4025 1699 4070 sue

1942 211 1950 520 l

1940 684 1949 1005 l
