3930 5088
542 543 603 604 122
889 565 1070 614 Ausonius
1095 565 1270 610 unionum
1298 565 1343 610 ar

539 713 766 798 negligentiam
783 715 993 795 Ballivorum,
1015 727 1049 782 et
1063 739 1122 803 per
1142 717 1276 802 longum
1292 728 1422 803 tempus
1437 741 1502 782 non
1519 719 1581 783 fuit
1595 739 1687 802 rapa-

539 824 643 880 rstum
656 842 666 896 3
688 817 774 882 unde
784 818 909 883 nullum
915 820 1073 905 judicium
1083 821 1212 885 interim
1224 834 1355 907 captum
1366 821 1429 886 fuit
1440 822 1480 885 de
1489 821 1665 906 pistoribus
1676 845 1686 900 3

541 927 592 982 set
600 917 662 1002 ipsi
670 920 902 1004 provoluntate
914 945 972 986 sua
983 924 1128 989 fecerunt
1139 946 1239 1010 panes
1252 946 1340 1004 suos,
1349 923 1394 987 ita
1403 924 1490 1009 quod
1500 923 1540 987 de
1552 921 1686 1008 singulis

540 1020 680 1103 panibus
700 1043 812 1087 eorum
828 1023 937 1089 deficit
953 1025 1051 1090 tertia
1065 1048 1140 1112 pars
1154 1027 1317 1112 ponderis,
1333 1027 1420 1112 quod
1438 1025 1616 1110 ponderare
1631 1024 1688 1088 de-

540 1119 664 1201 berent,
681 1135 777 1207 prout
801 1126 1020 1211 adjudicatum
1047 1129 1109 1193 fuit
1127 1129 1161 1192 in
1185 1150 1311 1214 assayo,
1326 1129 1411 1192 facto
1426 1128 1458 1190 in
1474 1129 1559 1192 festo
1578 1125 1688 1191 Sancti

541 1222 712 1291 Michaelis
738 1229 945 1314 precedenti3
968 1240 1002 1295 et
1027 1231 1090 1296 hoc
1105 1231 1232 1295 duravit
1248 1251 1307 1315 per
1329 1251 1450 1294 annum
1470 1229 1630 1313 integrum
1655 1237 1688 1292 et

539 1326 689 1408 amplius.

584 1429 710 1493 Eodem
726 1453 812 1496 anno
827 1453 940 1498 omnes
955 1433 1047 1499 liberi
1062 1434 1211 1499 homines
1224 1435 1263 1500 de
1279 1453 1377 1517 regno
1394 1431 1521 1516 Anglie,
1536 1452 1632 1515 quam
1649 1429 1689 1493 de

540 1529 625 1592 villis
651 1541 719 1594 tam
740 1531 780 1597 de
795 1533 979 1599 civitatibus
1005 1546 1039 1601 et
1064 1537 1176 1622 burgis
1197 1547 1230 1603 et
1255 1536 1342 1613 alibi,
1366 1535 1525 1599 dederunt
1544 1534 1689 1598 Domino

544 1632 623 1717 Regi
639 1634 823 1700 vicesimam
838 1648 963 1722 partem
976 1641 1120 1704 omnium
1131 1641 1291 1705 bonorum
1304 1660 1437 1702 suorum
1452 1635 1632 1714 mobilium,
1648 1636 1688 1699 ad

543 1755 699 1819 expensas
721 1759 794 1802 suas
817 1741 978 1806 faciendas
993 1743 1027 1806 in
1042 1743 1156 1808 itinero
1170 1763 1282 1808 versus
1307 1752 1425 1814 terram
1445 1739 1689 1805 Jerosolomita-

542 1859 628 1902 nam.
674 1839 732 1904 Set
757 1853 870 1924 postea
896 1844 1059 1909 Dominus
1085 1845 1278 1924 Edwardua,
1302 1865 1363 1928 pro
1389 1851 1478 1908 sect
1500 1851 1592 1926 patre
1617 1861 1689 1914 suo,

541 1941 621 2003 illud
636 1941 697 2004 iter
712 1943 856 2029 arripuit.

587 2042 662 2107 Hoc
685 2066 770 2108 anno
796 2047 1001 2133 Lo'dowycus
1024 2050 1096 2113 Rex
1120 2049 1266 2127 Francia,
1283 2048 1369 2112 filius
1392 2045 1565 2131 Lodewyci
1582 2044 1690 2128 Regis,

541 2143 599 2208 filii
616 2144 766 2230 Philippi,
776 2150 939 2231 profectus
954 2161 1005 2214 est
1019 2173 1132 2216 versus
1142 2152 1276 2216 Terram
1292 2151 1459 2228 Sanctam,
1474 2148 1607 2226 scilicet,
1622 2145 1689 2231 xiiij

543 2247 594 2310 die
611 2247 733 2326 Martii,
748 2259 827 2316 tunc
841 2254 997 2338 temporis
1013 2255 1065 2319 die
1080 2255 1227 2320 Veneris.

586 2351 704 2414 Parum
720 2361 813 2416 antea
827 2355 905 2419 lecit
926 2356 1089 2421 Dominus
1113 2359 1294 2422 Edwardus
1313 2355 1431 2421 adduci
1445 2376 1547 2419 unum
1562 2353 1604 2417 de
1619 2351 1691 2416 liliis

543 2451 666 2530 suislad
681 2453 801 2537 Regem
812 2455 956 2536 Francie,
969 2459 1055 2524 sicut
1066 2481 1169 2546 nuper
1178 2461 1351 2524 conventio
1362 2460 1446 2523 facta
1456 2457 1517 2520 fuit
1526 2457 1558 2521 in
1573 2455 1692 2539 scripto

541 2552 697 2616 intereos
713 2554 870 2620 confecto.
894 2560 966 2624 Rex
980 2581 1068 2640 vero,
1084 2562 1280 2627 sufficienter
1292 2561 1426 2626 credens
1442 2559 1529 2623 dicto
1545 2556 1690 2623 Domino

542 2654 703 2719 Eduardo
720 2655 789 2720 sine
804 2657 927 2742 obside,
943 2663 1067 2729 remisit
1082 2665 1185 2729 filium
1198 2687 1294 2729 suum
1308 2665 1342 2728 in
1358 2661 1518 2746 Angliam.

587 2757 850 2840 Memorandum,
862 2765 949 2848 quod
965 2765 1048 2831 circa
1065 2766 1225 2852 llokeday
1235 2768 1302 2830 fere
1317 2786 1431 2830 omnes
1446 2761 1613 2848 Episcopi,
1626 2760 1691 2825 Co-

544 2860 651 2939 mites,
667 2861 822 2944 Berones,
837 2863 972 2946 Milites,
988 2877 1021 2932 et
1045 2867 1144 2933 libere
1170 2878 1319 2932 tenentes
1333 2866 1436 2931 totius
1462 2865 1552 2949 regni
1566 2862 1692 2948 Anglie,

543 2984 602 3047 per
626 2973 816 3049 preceptum
843 2967 977 3032 Domini
1002 2971 1110 3054 Regis,
1134 2978 1358 3036 convenerunt
1376 2966 1463 3053 apud
1483 2965 1671 3029 Londonias
1683 2989 1693 3043 ;

323 3080 525 3129 Dasummi
544 3075 578 3128 et
602 3074 681 3129 tunc
706 3065 835 3132 duravit
864 3071 1106 3136 Parlamentum
1133 3072 1220 3157 apud
1245 3068 1572 3136 Westmonasterium
1587 3089 1696 3152 ,super

322 3148 532 3272 mmm,
544 3166 692 3252 pluribus
708 3168 849 3244 articulis
864 3169 1136 3233 consuetudinum
1152 3171 1241 3255 regni
1258 3169 1384 3255 Anglie,
1396 3178 1431 3232 et
1444 3167 1583 3230 maxime
1598 3187 1695 3250 super

321 3292 344 3324 a
363 3275 391 3321 iu
413 3277 500 3321 sutum
545 3268 752 3333 contentione
767 3267 876 3332 habita
890 3267 974 3332 inter
989 3267 1169 3333 Dominum
1185 3269 1380 3334 Edwardum
1396 3275 1429 3330 et
1441 3263 1603 3328 Comitem
1615 3264 1695 3328 Glo-

322 3341 406 3452 ,R‘ffl
420 3342 532 3387 ‘mm'
547 3369 664 3434 vernia.
710 3371 776 3436 Qui
792 3391 868 3434 vero
890 3370 1054 3435 Dominus
1075 3370 1256 3435 Edwardua
1271 3381 1305 3435 et
1321 3371 1441 3435 Comes
1456 3375 1639 3450 posuerunt
1660 3389 1695 3431 se

545 3466 679 3531 omnino
703 3490 801 3553 super
828 3469 950 3533 dictum
979 3469 1075 3554 Regis
1100 3470 1290 3533 Alemannis
1311 3469 1351 3532 ad
1367 3467 1545 3552 predictam
1560 3477 1695 3532 conten·

545 3564 668 3629 tionem
694 3567 934 3651 pacificandam,
966 3567 1052 3652 quod
1077 3568 1200 3631 dictum
1221 3568 1385 3652 predictus
1410 3568 1481 3633 Rex
1504 3571 1696 3636 Alemannie

544 3666 779 3750 pronunciavit,
792 3669 876 3733 sicut
891 3679 1023 3733 lictatur
1037 3670 1070 3732 in
1087 3672 1229 3735 secundo
1245 3671 1332 3735 folio.

322 3801 379 3848 Iam
390 3799 471 3847 pm„
483 3815 532 3847 „„
590 3768 853 3849 Memorandum,
866 3770 952 3856 quod
967 3782 1081 3855 postea
1095 3772 1166 3856 xiij⁰
1179 3773 1230 3837 dic
1247 3773 1328 3838 Maii
1341 3786 1547 3840 accesserunt
1561 3775 1602 3841 ad
1614 3775 1697 3840 Cru-

322 3866 494 3991 mmm
545 3892 615 3935 cem
632 3871 742 3937 Sancti
759 3871 849 3936 Pauli
861 3893 977 3938 novem
994 3871 1161 3956 Episcopi,
1177 3873 1416 3957 pontificalibus
1432 3876 1549 3954 induti,
1565 3877 1697 3956 scilicet,

322 3997 481 4058 pacatarum
545 3974 723 4039 Nicholaus
743 3975 992 4056 Wintoniensis,
1009 3975 1177 4040 Johannes
1206 3977 1466 4056 Herelordensis,
1497 3979 1698 4043 Godefridu's

320 4068 530 4173 {mmdc-
545 4078 803 4164 Wygoruiensis,
830 4081 975 4165 Rogerus
1006 4081 1263 4167 NorewycensiS,
1288 4083 1487 4148 Laurencius
1515 4083 1692 4161 Roffensis,

320 4190 475 4236 modicarum.
