3920 5022
544 589 563 646 2
884 605 1047 650 cronica
1072 604 1249 650 unionum
1276 607 1320 650 sn

334 763 520 891 mmai
600 757 675 822 Hoc
690 779 776 822 anno
791 767 905 843 captus
920 767 970 822 est
984 756 1071 822 idem
1087 758 1159 822 Rex
1172 755 1207 821 in
1222 755 1425 836 Alemannis,
1437 755 1516 820 dum
1531 755 1706 821 reddireta

332 901 396 942 m

555 861 655 926 Terra
669 859 799 937 Sancta,
814 871 848 925 et
861 861 1050 946 redemptus
1065 870 1197 926 centum
1212 861 1299 926 mille
1314 860 1429 924 marcis
1445 858 1579 944 argenti.

213 995 219 1008 ·
333 983 382 1030 ln.
396 981 543 1044 cauma
643 965 789 1049 Rogerus
804 963 835 1028 le
851 965 935 1028 Duo.

643 1067 790 1151 Rogerus
806 1065 891 1130 filius
906 1065 1013 1129 Alani.

600 1167 675 1232 Hoc
690 1189 775 1232 anno
791 1167 944 1232 liberatus
959 1176 1011 1231 est
1025 1166 1111 1232 idem
1129 1167 1211 1244 Rex,
1226 1177 1260 1232 ot
1274 1167 1370 1231 tertio
1385 1165 1459 1230 idus
1474 1164 1587 1230 Martii
1602 1163 1705 1249 appli-

556 1270 624 1335 cuit
648 1269 734 1356 apud
752 1269 938 1356 Sandwyse,
964 1279 1008 1349 et,
1031 1269 1110 1334 feria
1135 1281 1248 1354 quarta
1272 1278 1359 1355 post,
1382 1269 1472 1333 venit
1491 1289 1566 1332 cum
1588 1287 1705 1352 magno

556 1383 712 1459 apparatu
727 1372 767 1437 ad
783 1373 983 1437 Londonias.

333 1475 532 1538 uscnlma‘ij.
643 1474 839 1539 Willielmus
854 1473 940 1538 filius
956 1473 1118 1540 Ysabelis.

643 1577 841 1641 Willielmus
856 1577 943 1641 filius
958 1577 1097 1642 Athulfi.

334 1684 542 1749 Mucalm'iij.
644 1678 808 1743 Robertus
824 1679 980 1744 Besaunt.

642 1780 1033 1847 JukolisAldonnannus.

334 1877 520 1955 Deldqtmcfltim
599 1882 674 1947 Hoc
689 1904 774 1946 anno
793 1882 985 1947 Willielmus
1000 1904 1076 1947 oum
1092 1883 1198 1949 Barba
1212 1884 1377 1951 detractus
1388 1885 1450 1950 luit
1464 1895 1497 1950 et
1512 1905 1703 1970 suspensus,

333 1941 522 2056 afflatam
555 1997 629 2052 octo
644 1985 719 2049 idus
735 1985 867 2068 Aprilis.

332 2087 382 2136 1⁰.
396 2089 432 2137 cr.
444 2091 535 2141 lm
637 2086 813 2153 Godardus
829 2087 869 2152 da
885 2087 1069 2154 Antiochia.

643 2188 807 2254 Robertus
822 2189 909 2254 filius
924 2190 1087 2255 Duraunt.

332 2299 382 2348 11⁰.
392 2302 543 2369 alnay:
643 2292 807 2357 Robertus
823 2292 984 2358 Blundus.

643 2395 822 2460 Nicholaus
837 2395 960 2459 Duket.

332 2493 540 2558 maalmam}
641 2498 879 2563 Constantinus
893 2496 980 2562 filius
994 2499 1221 2586 Athelhulphi.

642 2600 806 2666 Robertus
822 2600 934 2666 Lebel.

331 2708 541 2773 ratumena}
640 2702 832 2788 Arnulphus
845 2702 930 2767 filius
944 2704 1082 2769 Athulfi.

641 2805 799 2870 Ricardus
813 2805 898 2870 filius
915 2806 1148 2872 Bartholomei.

598 2909 673 2975 Hoo
703 2932 789 2974 anno
829 2909 1003 2975 wlneratus
1033 2923 1084 2975 est
1107 2910 1272 2996 predictus
1298 2912 1370 2976 Rex
1389 2913 1497 2996 jaculo
1526 2912 1642 2979 balista
1667 2915 1701 2978 in

553 3012 689 3078 humero
720 3013 862 3092 sinistro,
892 3013 948 3099 qui
973 3013 1057 3097 viijo.
1083 3013 1157 3077 idus
1183 3014 1316 3098 Aprilis,
1339 3014 1430 3080 obiit.
1474 3017 1601 3083 Eodem
1615 3039 1702 3082 anno

553 3124 726 3179 coronatus
743 3125 794 3178 est
807 3114 977 3179 Johannes
993 3116 1065 3180 Rex
1079 3115 1113 3180 in
1124 3117 1325 3182 Ascensione
1340 3117 1486 3184 Domini.

329 3223 378 3273 ιο.
389 3225 540 3276 atoma.
641 3217 788 3299 Rogerus
804 3214 845 3279 de
860 3215 1011 3281 Deserto.

568 3373 574 3390 ,
639 3315 784 3381 Jacobus
805 3317 1053 3385 Aldermannus.

330 3423 406 3468 Am
416 3420 538 3468 l1⁰·00⁰·
640 3419 764 3502 Symon
780 3420 820 3482 de
834 3420 1132 3510 Aldermanebyria.

638 3519 835 3585 Willielmus
850 3521 936 3587 filius
950 3524 1064 3589 Alicio.

597 3624 672 3689 Hoc
694 3645 780 3687 anno
795 3624 928 3690 fuerunt
942 3648 1018 3691 xxv.
1034 3627 1127 3692 electi
1153 3628 1194 3694 do
1220 3629 1461 3696 discretioribus
1484 3631 1644 3712 Civitatis,
1666 3642 1701 3698 et

549 3726 647 3810 jurati
662 3747 723 3811 pro
738 3727 938 3793 consulendo
955 3729 1131 3796 Civitatem
1146 3754 1301 3797 unacum
1317 3734 1454 3801 Maiore.

329 3839 379 3891 w.
389 3838 472 3901 σου.
638 3827 849 3892 Normannus
865 3829 1027 3897 Blandus.

638 3929 807 3997 Johannos
822 3932 863 3996 de
879 3931 986 4018 Kayo.

329 4049 379 4102 11⁰.
389 4050 483 4114 omij.
639 4033 804 4098 Walterus
820 4034 922 4099 Brun.

638 4135 834 4202 Willielmus
851 4137 1065 4205 Camerarius.
