3920 5022
548 648 806 695 vrcrconrruu
831 647 1110 694 nonnonrnnun.
1381 622 1400 698 ⁷

249 795 496 882 Assumptionis
526 799 621 866 beate
647 801 764 881 Mario,
789 801 887 867 Cives
922 797 1169 866 Lundoniarum
1197 803 1400 861 monstrave-

251 910 329 963 runt
343 922 379 965 ae
393 912 534 967 armatos
557 925 578 966 a
599 903 631 968 ln
657 904 739 968 Mile
760 904 856 970 Ende
872 913 905 968 et
919 903 955 967 in
969 903 1040 968 foro
1055 900 1301 967 Londoniarum
1315 895 1401 963 benc

249 1012 392 1086 paratos.

336 1105 482 1189 Rogerus
504 1106 665 1171 Blundus.
1477 1119 1552 1164 Am

337 1207 459 1292 Symon
476 1208 560 1272 filius
578 1209 693 1272 Marie.

294 1308 362 1373 Iste
388 1309 522 1396 symon,
544 1312 579 1374 in
602 1311 708 1395 primo
728 1310 867 1375 termino
889 1309 1133 1375 vicecomitatus
1151 1307 1213 1388 sui,
1227 1318 1295 1373 tam
1317 1305 1401 1371 msIc

1413 1181 1462 1228 ro.
1475 1182 1531 1230 co.
1540 1179 1623 1243 aaa

250 1411 420 1496 dissipavit
441 1412 538 1492 bona,
550 1434 622 1498 qum
638 1413 786 1478 exierunt
800 1436 819 1477 a
833 1413 1070 1489 vicecomitatu,
1082 1412 1169 1496 quod
1184 1433 1250 1476 non
1264 1409 1402 1495 permis·

249 1535 323 1577 sum
338 1524 389 1578 est
409 1513 440 1579 ei
462 1537 500 1578 ea
520 1515 660 1598 amplius
682 1515 844 1599 recipere3
867 1525 901 1579 et
914 1537 972 1601 per
988 1514 1148 1579 Maiorem
1163 1523 1197 1578 et
1211 1514 1297 1577 cives
1312 1533 1401 1577 com·

249 1615 350 1678 missa
368 1625 419 1680 est
435 1637 512 1679 cura
537 1616 660 1680 clericis
675 1615 919 1681 vicecomitatus
934 1617 975 1680 nd
990 1617 1045 1680 illa
1070 1615 1248 1700 colligenda
1262 1624 1296 1679 et
1310 1614 1400 1680 salvo

248 1718 401 1802 ponenda
415 1717 455 1780 ad
470 1718 597 1782 firmam
613 1718 751 1782 Domini
766 1719 866 1804 Regis
881 1718 1141 1804 adquietandam.

338 1820 498 1884 Radulfus
514 1819 618 1904 Elwy‚
634 1821 774 1887 Meroer.
1414 1842 1624 1907 trinomen.

334 1922 503 1988 Iohannes
519 1923 552 1986 N
554 1944 677 1987 orman.

337 2026 423 2090 Item
439 2026 604 2090 Gerardus
620 2027 694 2092 But.
1413 2045 1603 2096 mecam.

336 2129 499 2195 Robertus
513 2129 646 2194 Hardel.
1414 2160 1491 2224 ΒΨ,
1501 2177 1518 2210 a
1525 2163 1552 2210 za
1560 2178 1616 2212 mr

292 2233 367 2299 Hoc
381 2256 468 2298 anno
482 2233 646 2309 Alianora,
657 2232 723 2298 filia
739 2232 879 2298 Comitis
895 2233 1175 2313 Provincie,venit
1188 2233 1224 2298 in
1238 2231 1401 2320 Angliam,

246 2345 282 2402 et
295 2336 415 2402 ibidem
431 2345 585 2401 coronata
599 2347 650 2402 eat
661 2336 796 2421 Regina.

334 2442 419 2505 Item
443 2439 606 2505 Henricus
622 2440 663 2505 de
679 2439 839 2505 Cokham.
1414 2435 1612 2502 musmo:

333 2542 498 2607 Jordanus
513 2542 553 2606 de
569 2542 742 2608 Coventre.

290 2645 352 2710 Isti
361 2655 641 2730 ceperuntomnes
653 2654 770 2710 nautas
784 2645 819 2709 in
836 2645 975 2710 Kidellis
987 2646 1149 2711 stantibus
1160 2668 1219 2731 per
1226 2645 1400 2711 Tamisiam
1414 2663 1452 2738 υς
1460 2663 1567 2726 capto„

245 2758 279 2813 et
290 2747 495 2812 adduxerunt
503 2769 580 2811 cum
591 2747 715 2811 retibus
732 2747 800 2810 suis
815 2747 856 2810 ad
869 2747 1067 2825 Londonias,
1079 2759 1113 2810 et
1122 2749 1401 2812 incarceraverunt
1413 2727 1573 2780 mm*

246 2850 356 2916 cosin
376 2850 584 2932 Neuwegate,
600 2848 655 2932 qui
668 2868 785 2912 omnes
807 2847 971 2910 amerciati
986 2848 1119 2910 suerunt
1132 2869 1238 2911 coram
1255 2848 1400 2912 Domino

247 2954 336 3037 Rege
358 2952 445 3036 apud
462 2949 693 3033 Keningtone3
717 2970 781 3032 qua
797 2947 1016 3011 misericordia
1031 2949 1189 3012 remansit
1203 2949 1400 3014 vicecomiti·

244 3052 307 3117 bus
324 3052 567 3117 Londoniarum
584 3073 642 3136 per
652 3051 835 3136 judicium3
857 3061 892 3114 et
900 3060 982 3133 tuno
996 3050 1129 3115 fuerunt
1142 3051 1224 3116 retia
1238 3072 1350 3116 eorum
1364 3053 1399 3117 in

247 3155 428 3219 Londoniis
450 3163 662 3219 concremata.

334 3255 504 3321 Iohannes
519 3256 560 3320 de
574 3256 726 3322 Tulesan.
1411 3265 1460 3314 Μ’.
1469 3265 1619 3330 00.an

333 3358 509 3424 Gervasius
525 3358 739 3424 Camerarius.

290 3469 365 3534 Hoc
379 3489 465 3532 anno
488 3468 570 3534 obiit
583 3469 732 3534 Andreas
747 3468 899 3549 Bukerel,
914 3478 948 3535 et
962 3469 1067 3534 factus
1083 3479 1134 3535 est
1156 3471 1264 3536 Maior
1286 3471 1398 3538 Ricar-

247 3573 310 3636 dus
322 3572 462 3656 Rengen

329 3671 498 3736 Iohannes
514 3672 554 3737 dc
568 3671 748 3757 Wylehale.
1410 3687 1619 3755 meumst.

243 3775 412 3841 Iohannes
427 3773 468 3837 de
484 3773 647 3839 Koudrea.

287 3878 363 3943 Hoc
377 3898 463 3942 anno
478 3877 560 3942 obiit
581 3878 748 3963 predictus
764 3880 922 3947 Ricardus
948 3881 1087 3972 Renger,
1103 3881 1223 3964 Maior,
1238 3892 1272 3949 et
1290 3885 1395 3951 iactus

242 4007 295 4064 est
309 3996 418 4062 Maior
429 3996 626 4063 Willielmus
639 3999 786 4086 Joynier.

331 4098 417 4162 Item
426 4099 586 4167 Radulius
598 4100 707 4187 Eswy,
723 4101 863 4170 Mercer.
1406 4123 1605 4178 motam.

331 4199 527 4284 Reginaldus
542 4201 582 4267 de
598 4202 764 4288 Bungeye.
