3898 5022
773 681 952 728 raasson.
1396 659 1492 724 clxxv

285 832 422 892 viciorum
434 839 493 890 tam
510 829 662 891 liberorum
675 851 760 910 quam
780 833 946 902 nativorum,
960 850 1018 890 uua
1035 850 1100 890 oum
1120 829 1210 890 feodis
1228 829 1348 888 militum
1361 839 1392 890 et
1404 831 1491 888 advo·

286 930 445 988 cacionibus
469 929 658 998 ecelesiarum,
685 930 868 1000 abbatiarum,
889 931 1071 1007 prioratuum,
1096 927 1287 1005 hospitalium,
1310 927 1490 995 vicesimum,

286 1026 467 1104 capellarum,
494 1027 700 1086 cantuariarum
727 1037 756 1086 et
781 1028 901 1086 alionum
927 1027 1125 1086 beneficiorum
1159 1043 1409 1101 quorumcumque,
1436 1043 1491 1100 que

287 1122 415 1181 Henrioo
433 1123 491 1181 filio
509 1122 637 1198 ejusdem
650 1123 830 1182 Vioeeomitis
844 1143 877 1181 ae
891 1122 949 1180 filio
963 1132 992 1181 et
1005 1122 1100 1180 heredi
1118 1121 1245 1197 ejusdem
1263 1120 1430 1178 Elisabethe
1443 1127 1493 1178 aut

285 1221 368 1278 alicui
381 1219 478 1278 heredi
491 1219 578 1297 ipsius
597 1219 716 1277 Henrici
730 1219 764 1277 de
778 1239 895 1296 corpore
911 1239 962 1278 suo
978 1228 1104 1288 exeunte,
1118 1237 1167 1276 seu
1191 1236 1244 1296 pro
1261 1216 1373 1275 defectu
1393 1215 1492 1293 hujus·

285 1317 361 1376 modi
375 1318 475 1386 exitus,
499 1325 610 1374 mortuo
630 1317 690 1393 ipso
711 1316 846 1386 Henrico,
864 1317 1010 1375 Willelmo
1031 1317 1090 1374 filio
1109 1316 1213 1392 juniori
1234 1314 1394 1373 eorumdem
1409 1314 1492 1372 Vioe·

287 1415 398 1472 comitis
421 1421 450 1472 et
471 1412 637 1472 Elisabethe
659 1421 689 1470 et
709 1413 792 1472 fratri
815 1414 941 1490 ejusdem
965 1414 1083 1472 Hemiei
1105 1420 1155 1471 aut
1178 1412 1260 1470 alicui
1284 1409 1380 1468 heredi
1404 1410 1491 1486 ipsius

286 1503 423 1568 Willelmi
446 1510 496 1568 filii
519 1509 554 1568 de
576 1529 691 1587 corpore
715 1530 767 1569 suo
789 1519 917 1579 exeunte,
935 1511 982 1568 rel
1001 1530 1053 1587 pro
1076 1509 1189 1568 defectu
1210 1508 1371 1585 hujusmodi
1391 1510 1491 1576 exitus,

285 1610 404 1666 mortuis
418 1609 487 1686 ipsis
504 1607 630 1666 Haurieo
648 1615 677 1664 et
690 1607 844 1677 Willelmo,
859 1606 990 1667 Johanne
1008 1607 1064 1666 lilio
1085 1607 1247 1666 eorumdem
1266 1607 1446 1664 Vioecomitis
1463 1615 1493 1665 et

286 1704 452 1762 Elisabethe
465 1723 499 1760 ac
513 1704 602 1760 sorori
617 1721 714 1760 eorum
726 1701 843 1760 Henrici
854 1710 883 1760 et
897 1703 1032 1761 Willelmi
1042 1703 1175 1774 filiorum,
1189 1721 1239 1779 per
1253 1715 1282 1760 et
1295 1709 1492 1778 postmortem

286 1799 476 1877 predictorum
493 1798 627 1856 Willelmi
643 1798 762 1875 Phelipp
775 1807 804 1856 et
819 1799 984 1857 Eliaabethe
997 1819 1031 1857 ae
1045 1799 1183 1867 Julianus,
1198 1819 1287 1876 nuper
1300 1801 1395 1857 uxoris
1404 1801 1492 1876 ipsius

287 1896 424 1954 Willelmi
449 1895 567 1972 Phelipp
581 1895 672 1954 adhue
695 1896 861 1972 superstitis,
887 1915 936 1954 seu
956 1898 1041 1954 Anne
1056 1896 1151 1954 uxoris
1172 1896 1326 1973 Reginaldi
1348 1896 1493 1956 Cobeham

286 1993 393 2062 militis,
414 1992 540 2052 similiter
553 1993 644 2052 adhuc
658 1994 825 2070 superstitis,
838 1994 884 2052 vel
897 1993 1016 2070 alicujus
1033 2013 1139 2062 eorum,
1154 2013 1204 2051 seu
1223 2014 1272 2071 per
1285 2003 1314 2052 et
1334 2003 1398 2070 post
1417 2013 1493 2052 mor·

286 2099 345 2148 tem
366 2090 485 2165 alicujus
504 2090 627 2159 alterius,
641 2090 670 2146 in
694 2089 777 2148 feodo
798 2090 916 2166 simplici
938 2109 987 2148 seu
1008 2090 1092 2149 feodo
1119 2090 1361 2168 qualitercumque
1383 2091 1492 2149 talliato

289 2187 465 2257 descendere,
480 2189 581 2246 reverti
592 2206 642 2246 seu
651 2205 795 2245 remanere
802 2189 925 2264 poterint
935 2188 980 2246 vel
990 2189 1186 2246 dehebantaut
1196 2188 1230 2246 de
1243 2189 1366 2265 presenti
1375 2196 1493 2265 possunt

287 2285 332 2341 vel
346 2283 456 2352 debent,
477 2283 559 2340 simul
578 2303 643 2340 eum
661 2283 770 2352 mardie,
789 2285 952 2360 maritagiis,
972 2284 1091 2354 releviis,
1112 2286 1239 2354 escaetis,
1257 2285 1444 2343 forisfacturis
1462 2295 1492 2344 at

287 2381 417 2439 omnibus
437 2380 499 2438 aliis
513 2381 657 2457 proficuis,
672 2381 916 2439 commoditatibus
936 2391 965 2438 et
984 2382 1178 2440 emolumentis
1192 2382 1414 2458 quibuscumque
1427 2400 1491 2458 pre·

286 2479 372 2536 misse
385 2498 434 2536 seu
447 2478 530 2536 alicui
550 2479 747 2555 premissorum
769 2479 970 2555 pertinentibus
988 2479 1046 2538 sire
1070 2479 1268 2556 spectantibus,
1281 2488 1310 2536 et
1323 2497 1378 2556 que
1391 2479 1427 2536 ad
1440 2497 1492 2537 nos

286 2574 331 2632 rel
354 2574 474 2632 heredes
497 2583 608 2633 nostros
631 2577 739 2633 ratione
761 2576 876 2634 minoris
898 2577 980 2634 etatis
1004 2577 1122 2653 alicujus
1151 2576 1339 2654 predictorum
1363 2576 1491 2646 Hearici,

286 2670 423 2728 Willelmi
442 2671 563 2728 filiorum
583 2679 612 2728 et
632 2672 761 2731 Johaune
781 2671 838 2730 filie
859 2681 908 2730 aut
927 2673 1046 2749 alicujus
1066 2673 1178 2731 heredis
1198 2674 1317 2748 alicujus
1330 2674 1491 2731 eorumdem

287 2766 415 2831 Henriei,
430 2766 566 2824 Willelmi
589 2765 710 2824 liliorum
731 2774 760 2822 et
779 2765 912 2824 dohanne
932 2767 989 2824 filie
1009 2768 1150 2842 pertinent
1170 2785 1219 2823 seu
1239 2777 1370 2843 poterunt
1390 2771 1490 2844 quovis

286 2862 379 2933 modo,
394 2863 472 2920 salvo
486 2880 593 2937 semper
608 2861 688 2918 nobis
702 2868 730 2917 et
746 2859 894 2918 heredibus
912 2862 1016 2918 nostris
1030 2862 1106 2917 omni
1125 2861 1248 2936 eoquod
1268 2863 1304 2920 ad
1317 2882 1369 2920 nor
1383 2864 1428 2921 vel
1441 2864 1492 2920 he·

287 2959 367 3020 redes
380 2967 494 3016 nostros
512 2957 649 3033 pertinere
667 2955 769 3031 poterit
783 2954 817 3011 de
830 2954 983 3012 hereditate
997 2955 1066 3012 dicti
1081 2956 1259 3014 Vrcecomitis
1278 2957 1312 3015 de
1334 2958 1493 3016 Beaumont

286 3063 481 3132 postmortem
494 3053 620 3130 ejusdem
635 3051 813 3110 theemmitis
826 3051 935 3109 rationo
949 3050 1064 3108 minoris
1078 3051 1159 3109 etatis
1169 3051 1289 3128 alicujus
1303 3053 1492 3130 predictorum

288 3152 414 3220 Hearici,
429 3151 565 3210 Willelmi
585 3151 707 3208 liliorum
720 3157 748 3207 et
761 3149 892 3208 ,iohanne
905 3149 961 3214 filie
975 3157 1024 3207 aut
1037 3149 1156 3225 alicujus
1174 3150 1285 3208 heredis
1305 3152 1423 3228 alicujus
1445 3173 1493 3212 eo-

287 3246 424 3316 rumdem,
445 3248 613 3307 Habendnm
633 3256 663 3306 et
682 3248 831 3307 tenendam
855 3248 1010 3307 custodiam
1034 3248 1111 3306 illam
1131 3269 1149 3307 a
1169 3257 1292 3325 tempore
1312 3269 1369 3328 quo
1390 3261 1490 3324 casua,

286 3345 420 3413 maneria,
434 3345 556 3403 dominia
568 3355 598 3403 ot
611 3355 703 3404 cetera
716 3347 854 3422 premissa
868 3366 917 3404 seu
930 3348 1024 3422 aliqua
1037 3347 1157 3424 parcella
1167 3349 1328 3407 eommdern
1342 3350 1378 3408 ad
1391 3370 1492 3410 manus

288 3449 399 3501 nostras
412 3442 457 3499 vel
470 3441 605 3499 heredum
617 3451 779 3500 nostrorum
792 3462 826 3500 ex
839 3442 934 3519 aliqua
955 3463 1040 3501 eausa
1062 3444 1221 3520 supradicta
1241 3446 1371 3506 devenire
1385 3451 1493 3508 contin·

286 3548 356 3620 gant
375 3559 424 3598 seu
441 3539 594 3615 contingat,
608 3557 754 3614 quousque
774 3539 875 3614 aliquis
898 3540 979 3597 heres
998 3540 1120 3615 predicte
1140 3543 1305 3602 Elisabethe
1324 3546 1361 3604 ad
1381 3547 1492 3623 plenam

287 3648 391 3698 etatem
404 3657 484 3696 suam
502 3636 661 3714 pervenerit
680 3636 786 3711 absque
805 3635 900 3711 aliquo
920 3637 1001 3694 nohis
1015 3637 1059 3695 vel
1072 3637 1221 3698 heredibus
1235 3644 1337 3700 uostris
1351 3643 1415 3701 inde
1429 3647 1493 3703 red·

288 3735 388 3806 dendo,
409 3735 533 3813 eoquod
548 3753 679 3811 expressa
693 3733 799 3790 mentio
812 3731 846 3791 de
865 3733 948 3791 dietis
970 3733 1078 3804 castris,
1096 3737 1236 3806 maneriis,
1253 3738 1392 3810 dominiis,
1406 3741 1491 3810 villis,

286 3834 378 3902 terris,
399 3833 575 3901 tenementis,
598 3831 760 3900 redditibus,
789 3831 922 3901 serviciis,
942 3831 1032 3890 feodis
1054 3833 1183 3904 militum,
1208 3834 1438 3895 advocationibus
1462 3845 1492 3895 et

287 3931 387 3988 ceteris
406 3931 547 4007 premissis
561 3949 594 3988 ac
612 3929 726 3987 desero
741 3927 835 3986 valore
856 3929 1027 3998 eorumdem,
1041 3949 1150 3988 necnon
1165 3930 1199 3988 de
1212 3931 1273 3988 aliis
1287 3931 1367 3990 donis
1381 3942 1410 3991 et
1424 3952 1491 3991 eon·

287 4027 459 4085 cessionibus
472 4027 561 4085 eidem
575 4025 733 4084 vicecomiti
748 4044 798 4101 per
811 4044 863 4082 nos
877 4033 941 4083 ante
961 4026 1013 4083 hec
1026 4033 1153 4103 tempora
1164 4025 1259 4095 factis,
1272 4027 1302 4084 iu
1316 4029 1490 4104 presentibus

288 4121 365 4180 faeta
377 4140 435 4179 nou
447 4121 550 4192 existit,
565 4120 770 4179 nonobstante.
811 4119 847 4177 In
861 4120 941 4195 cujus
956 4121 1007 4190 rei,
1021 4125 1072 4178 oro.
1113 4121 1199 4180 Teste
1215 4120 1296 4197 Rege
1312 4124 1492 4200 epudWest·
