3920 5022
557 617 596 686 76
916 632 1077 678 cnosson
1101 633 1276 678 unionum
1302 634 1347 676 ει·

554 807 732 870 acorpore,
746 795 780 850 et
794 785 934 850 testiculi
951 786 1001 849 sui
1017 785 1116 850 abcisi
1131 787 1262 851 fuerunt
1285 795 1319 849 et
1341 782 1477 869 appensi
1503 803 1543 848 ex
1565 792 1705 868 utraque

552 897 644 972 parte
666 887 736 952 nasi
759 889 820 967 sui,
844 903 878 952 et
901 887 946 952 ita
972 890 1108 953 missum
1131 889 1194 952 fuit
1217 887 1322 972 capud
1348 909 1444 951 suum
1459 885 1552 950 uxori
1567 886 1704 950 Domini

554 989 672 1074 Rogeri
687 991 727 1054 de
743 991 878 1054 Mortuo
894 991 979 1054 Mari
994 993 1082 1078 apud
1098 991 1252 1056 Castrum
1275 990 1317 1054 de
1335 989 1552 1073 Wiggemora.
1597 989 1702 1052 Pedes

552 1113 629 1156 vero
656 1101 689 1156 et
712 1115 828 1156 manus
857 1115 915 1159 sue
939 1093 1038 1158 abcisi
1063 1095 1206 1174 fuerunt,
1230 1103 1264 1159 et
1287 1091 1379 1157 missi
1400 1114 1459 1178 per
1484 1092 1609 1156 diversa
1631 1093 1702 1156 loca

552 1193 690 1259 inimicis
720 1197 787 1260 suis
817 1197 858 1260 ad
884 1219 1037 1282 magnum
1062 1198 1203 1262 dedecus
1227 1197 1331 1282 ipsius
1362 1194 1525 1272 deiuncti3
1556 1203 1700 1270 truncus,

552 1308 671 1377 autem,
686 1299 829 1383 corporis
845 1301 895 1364 sui
909 1302 1138 1366 tantummodo
1154 1303 1250 1366 datus
1266 1309 1317 1365 est
1331 1298 1496 1384 sepulture
1511 1297 1545 1360 in
1567 1295 1701 1361 ecclesia

552 1400 592 1464 de
608 1400 781 1465 Evesham.
826 1402 952 1468 Eodem
967 1405 1020 1468 die
1035 1413 1068 1469 et
1092 1404 1204 1468 eadem
1227 1403 1317 1480 hora,
1343 1423 1440 1486 quam
1465 1399 1602 1485 prelium
1627 1399 1700 1477 luit,

551 1503 613 1566 fuit
640 1503 781 1567 maxima
809 1513 985 1590 tempestas
1025 1507 1113 1592 apud
1150 1505 1337 1570 londonias
1373 1513 1407 1568 et
1443 1503 1529 1582 alibi,
1567 1502 1699 1580 scilicet,

551 1604 822 1686 choruscationes,
837 1607 972 1692 fulgura,
987 1617 1021 1674 et
1034 1608 1188 1672 tonitrus.

594 1708 722 1786 Postea,
745 1709 863 1772 auditis
889 1709 985 1774 certis
1008 1708 1192 1774 rumoribus
1215 1708 1255 1773 de
1280 1707 1427 1792 predicto
1451 1706 1564 1791 prelio,
1587 1727 1701 1770 omnes

549 1811 708 1894 prisones,
718 1811 773 1896 qui
784 1811 871 1898 capti
887 1813 1019 1877 fuerunt
1034 1813 1066 1875 in
1083 1811 1185 1897 prelio
1201 1811 1241 1876 de
1257 1811 1381 1876 Liawes
1397 1819 1431 1875 et
1444 1809 1542 1894 positi
1557 1809 1590 1873 in
1605 1810 1700 1874 Turri

549 1913 791 1978 Londoniarum
806 1925 840 1979 et
854 1915 887 1978 in
904 1924 1009 1979 castro
1024 1916 1064 1980 de
1085 1914 1341 1994 windleshores,
1362 1912 1487 1978 dimissi
1508 1923 1586 1976 sunt
1607 1913 1700 1976 liberi

548 2025 582 2080 et
597 2015 697 2100 quieti
712 2015 782 2079 sine
797 2015 886 2080 omni
895 2016 1128 2102 redemptione.
1173 2015 1328 2080 Similiter
1340 2016 1410 2080 Rex
1420 2014 1610 2079 Alemannis
1620 2014 1700 2078 libe-

547 2127 636 2182 ratus
650 2127 700 2182 est
724 2129 863 2184 acastro
885 2119 925 2183 de
947 2119 1187 2198 Kenelworthe,
1207 2129 1241 2184 et
1255 2139 1369 2183 omnes
1393 2117 1447 2182 alii
1470 2117 1629 2203 prisones,
1644 2118 1699 2201 qui

547 2221 632 2303 capti
653 2224 784 2286 luerunt
807 2245 864 2307 per
882 2222 1064 2306 predictum
1088 2222 1252 2288 Comitem
1274 2221 1449 2286 Leicestrie
1469 2229 1503 2284 et
1526 2219 1698 2304 complices

547 2344 623 2387 suos
638 2324 671 2388 in
687 2325 830 2409 predicta
844 2324 1090 2409 perturbatione
1105 2325 1196 2410 regni
1211 2324 1338 2408 Anglie.

589 2429 717 2505 Postea,
732 2428 815 2492 circa
827 2428 947 2492 festum
964 2428 1152 2492 Nativitatis
1167 2427 1260 2493 beate
1284 2426 1399 2506 Maria,
1415 2425 1521 2490 tenuit
1535 2425 1697 2490 Dominus

546 2529 617 2593 Rex
631 2529 867 2614 parlamentum
881 2529 968 2614 apud
983 2529 1197 2607 Wintoniam,
1212 2528 1269 2592 ubi
1285 2527 1398 2593 Simon
1414 2527 1454 2591 de
1477 2527 1593 2592 Monte
1611 2528 1699 2592 Forti

541 2632 661 2716 junior,
677 2633 732 2717 qui
747 2632 861 2696 habuit
875 2631 999 2696 salvum
1016 2632 1213 2696 conductum
1228 2654 1247 2696 a
1261 2630 1406 2695 Domino
1425 2630 1512 2714 Rege
1532 2641 1566 2694 ct
1590 2653 1609 2694 a
1630 2632 1699 2694 Do-

545 2735 634 2799 mino
651 2736 822 2815 Eduardo,
837 2736 946 2814 venit;
969 2745 1002 2800 ct
1017 2735 1173 2820 quianon
1189 2733 1299 2820 potuit
1322 2742 1401 2797 tunc
1416 2733 1571 2818 temporis
1586 2754 1698 2817 pacem

546 2838 586 2901 ad
605 2837 733 2902 libitum
750 2861 845 2902 suum
860 2838 1015 2918 invenire,
1038 2837 1114 2903 inde
1129 2835 1263 2902 recessit
1277 2844 1310 2900 et
1325 2833 1436 2919 posuit
1459 2855 1494 2900 se
1517 2835 1551 2898 in
1566 2836 1697 2900 castello

546 2940 587 3004 de
603 2939 843 3019 Kenelworthe,
865 2941 922 3005 ubi
941 2940 1061 3005 multos
1084 2940 1202 3004 milites
1225 2947 1259 3003 et
1285 2936 1461 3003 servientes
1484 2937 1561 3002 fecit
1581 2959 1699 3003 conve-

546 3043 626 3120 nire,
649 3044 703 3126 qui
726 3043 755 3107 ei
781 3043 988 3107 adheserunt.
1034 3043 1074 3105 In
1102 3041 1189 3106 dicto
1217 3040 1420 3104 Parlamento
1445 3039 1610 3124 provisum
1635 3040 1699 3105 fuit

546 3145 634 3228 quod
649 3167 762 3208 omnes
778 3145 833 3227 qui
845 3145 931 3229 capti
945 3145 1078 3208 fuerunt
1091 3143 1125 3206 in
1139 3143 1379 3220 Kenelworthe,
1394 3141 1478 3206 sicut
1492 3152 1697 3226 prenotatum

546 3255 606 3320 est,
627 3254 660 3307 et
675 3245 729 3327 qui
741 3243 826 3328 capti
841 3245 973 3307 fuerunt
992 3245 1027 3308 in
1042 3244 1144 3329 prelio
1157 3245 1197 3309 de
1212 3244 1387 3322 Evesbam,
1402 3253 1436 3308 et
1450 3243 1548 3307 etiam
1564 3243 1698 3309 heredes

545 3347 665 3410 ibidem
680 3345 934 3425 interfectorum,
948 3346 1087 3412 fuissent
1100 3347 1296 3426 exheredati,
1311 3346 1385 3432 quia
1400 3346 1524 3411 dictum
1535 3346 1598 3410 fuit
1609 3348 1696 3432 quod

546 3449 609 3533 ipsi
624 3449 755 3512 fuerunt
776 3458 888 3514 contra
906 3451 1037 3536 Regem,
1064 3451 1139 3516 licet
1163 3451 1358 3515 militassent
1377 3471 1451 3514 cum
1471 3471 1510 3514 eo
1526 3459 1697 3534 sequentes

546 3551 700 3615 vexillum
725 3575 830 3618 suum.
876 3554 962 3618 Nam
978 3556 1218 3620 consideratum
1232 3555 1295 3618 fuit
1310 3553 1396 3638 quod
1410 3553 1481 3638 ipse
1500 3575 1567 3617 non
1586 3554 1649 3617 fuit
1662 3555 1697 3618 in

547 3654 643 3739 plena
657 3664 818 3738 potestate
834 3678 902 3734 sua,
916 3666 1090 3742 postquam
1106 3666 1221 3742 captus
1241 3656 1304 3720 fuit
1321 3656 1355 3720 in
1378 3654 1479 3740 prebe
1494 3656 1535 3720 de
1551 3655 1699 3736 Liawcs3

548 3758 605 3821 sed
630 3756 691 3820 sub
714 3757 802 3842 virga
824 3767 858 3821 et
876 3768 1038 3842 potestate
1061 3759 1200 3823 Comitis
1226 3757 1412 3838 Leioestrie,
1433 3758 1489 3843 qui
1510 3759 1586 3823 fecit
1607 3759 1698 3844 quic·

548 3859 625 3943 quid
649 3859 753 3922 voluit
775 3860 816 3923 de
840 3858 942 3942 sigillo
966 3859 1064 3945 Regis
1090 3870 1124 3925 et
1147 3861 1187 3926 de
1208 3860 1359 3926 omnibus
1381 3859 1479 3924 rebus
1503 3859 1544 3923 ad
1561 3881 1696 3944 regnum

547 3962 663 4046 Anglie
678 3962 925 4048 pertinentibus.
971 3962 1017 4027 Et
1039 3972 1117 4028 tunc
1136 3963 1298 4028 revocavit
1314 3963 1476 4027 Dominus
1497 3963 1567 4026 Rex
1582 3984 1696 4028 omnes

548 4065 737 4130 donationes
748 4075 916 4141 terrarum,
927 4064 1143 4146 eeclesiarum,
1159 4066 1405 4150 prebendarum,
1421 4086 1500 4149 quas
1515 4065 1696 4130 contulerat
