3920 5022
568 560 608 618 68
924 567 1085 614 caosrca
1110 567 1287 612 uaroaosr
1314 566 1358 610 aa

565 744 654 802 vero,
668 721 867 800 vicecomes,
881 730 1052 803 assumpto
1066 727 1173 784 tecum
1185 715 1331 781 Custode
1341 715 1430 801 pacis
1444 714 1590 800 ejusdem
1600 711 1711 778 Comi·

564 831 664 900 tatus,
675 819 847 906 Episcopis
858 817 1042 883 Abbatibus
1054 816 1219 881 Prioribus
1232 815 1415 880 Batonibus
1426 825 1460 878 et
1470 814 1621 879 omnibus
1631 813 1712 890 aliis,

566 924 622 1008 qui
638 922 808 988 servicium
823 921 919 986 nobis
935 920 1066 999 debent,
1080 917 1256 983 denuncias
1279 926 1314 981 et
1337 916 1473 981 firmiter
1496 916 1646 1001 injungas
1671 935 1713 977 ex

566 1034 659 1110 parte
681 1033 805 1102 nostra,
818 1023 853 1086 in
868 1023 932 1086 fide
947 1032 980 1087 et
993 1021 1155 1106 homagio,
1165 1019 1283 1105 quibus
1297 1018 1393 1083 nobis
1407 1027 1569 1097 tenentur,
1581 1027 1615 1081 et
1630 1017 1714 1081 sicut

566 1126 704 1210 seipsos,
729 1134 830 1189 terras
855 1133 890 1188 et
914 1132 1099 1188 tenements
1127 1142 1186 1185 sua
1211 1119 1358 1203 diligunt,
1372 1128 1421 1198 ut,
1435 1141 1501 1183 non
1518 1119 1623 1182 solum
1639 1138 1715 1182 cum

567 1225 704 1292 servicio
725 1224 857 1289 militari
871 1224 906 1288 in
921 1245 986 1309 quo
1001 1223 1097 1287 nobis
1112 1231 1276 1299 tenentur,
1291 1229 1342 1284 set
1355 1218 1491 1303 quilibet
1505 1225 1625 1302 quanto
1640 1218 1716 1280 viri-

563 1328 626 1392 lius
641 1337 676 1392 et
688 1327 858 1412 poteneius
872 1325 1003 1411 poterit,
1011 1324 1131 1403 veniat,
1141 1323 1193 1388 vel
1207 1322 1317 1387 mittat
1330 1322 1372 1385 ad
1386 1320 1525 1386 eundem
1540 1320 1626 1384 diem
1641 1341 1715 1384 cum

564 1429 655 1515 equis
681 1437 716 1493 et
739 1427 836 1492 armis
860 1437 894 1492 et
918 1426 1083 1511 peditibus
1103 1424 1225 1504 electis,
1240 1445 1321 1508 quos
1346 1421 1465 1487 habere
1488 1422 1665 1508 potuerint,
1679 1428 1718 1484 ut

565 1551 640 1594 cum
655 1550 767 1594 eorum
782 1529 943 1614 adjutorio
958 1527 1033 1592 huic
1047 1525 1191 1611 periculo
1205 1524 1366 1590 efficacius
1380 1523 1529 1589 resistere
1542 1523 1717 1588 valeamus.

567 1631 638 1696 Nec
654 1617 824 1716 quisquam
841 1637 975 1715 propter
988 1627 1145 1713 temporis
1159 1626 1362 1706 brevitatem,
1377 1626 1465 1710 quod
1479 1625 1514 1688 ia
1529 1646 1565 1690 sa
1579 1625 1718 1688 rationa-

565 1732 630 1797 bile
657 1731 918 1796 summonitionis
948 1740 1078 1816 tempus
1108 1750 1174 1793 non
1199 1727 1374 1806 contineat,
1401 1749 1436 1792 se
1460 1735 1594 1792 excuset
1601 1751 1611 1805 3
1644 1725 1719 1810 quia

566 1833 692 1898 instans
712 1833 888 1898 necessitas
910 1841 1041 1916 tempus
1064 1851 1132 1896 non
1156 1830 1278 1916 patitur
1302 1829 1438 1894 ulterius
1453 1829 1636 1915 prorogari3
1659 1848 1718 1892 nec

566 1956 625 2019 per
639 1935 701 2000 hoc
715 1935 915 1999 intendimus
929 1943 987 1998 aut
999 1933 1162 2012 volumus,
1176 1933 1229 1996 vel
1251 1939 1290 1996 ut
1310 1931 1375 1996 boc
1396 1933 1432 1996 in
1451 1931 1719 1997 consuetudinem

567 2037 723 2116 trahatur,
737 2036 950 2121 prejudicium
965 2035 1119 2120 generari.

612 2136 750 2220 Insuper
779 2137 819 2200 de
849 2135 992 2221 qualibet
1007 2135 1125 2199 Villata
1153 2132 1357 2198 adeundam
1381 2133 1466 2198 diem
1489 2133 1600 2198 venire
1622 2132 1720 2197 facias

569 2246 654 2315 octo,
670 2257 739 2315 sex,
756 2237 810 2300 vel
833 2246 971 2320 quatuor
995 2237 1037 2300 ad
1060 2237 1168 2300 minus
1183 2237 1362 2300 secundum
1377 2237 1452 2301 ville
1467 2235 1722 2320 magnitudinem

570 2339 610 2402 de
636 2336 823 2402 melioribus
849 2347 883 2401 et
907 2337 1112 2421 probioribus
1137 2337 1301 2422 peditibus
1324 2359 1399 2401 cum
1423 2339 1521 2402 armis
1536 2346 1722 2420 competen-

570 2439 669 2517 tibus,
683 2438 844 2516 videlicet,
869 2438 999 2514 lanceis,
1023 2438 1173 2518 arcubus,
1188 2448 1223 2502 et
1242 2437 1378 2522 sagittis,
1400 2438 1525 2523 gladiis,
1539 2436 1675 2516 balistis,
1690 2447 1725 2501 et

569 2540 704 2619 bachiis,
723 2539 806 2604 bena
833 2540 989 2618 munitos,
1005 2540 1122 2625 quibus
1138 2541 1177 2604 de
1192 2539 1359 2604 communi
1374 2541 1415 2604 de
1429 2539 1581 2623 expensis
1596 2539 1639 2602 xl.
1654 2541 1720 2606 die·

571 2665 644 2706 rum
670 2642 769 2706 facias
794 2642 967 2727 provideri.
1027 2642 1079 2707 De
1095 2640 1301 2720 Civitatibus,
1322 2663 1411 2722 vero,
1427 2641 1584 2720 similiter,
1600 2641 1724 2706 Castris

571 2753 605 2808 et
620 2743 748 2828 Burgis,
763 2740 820 2807 ubi
847 2743 949 2826 major
959 2742 1053 2827 copia
1066 2744 1236 2807 hominum
1258 2740 1407 2821 habetur,
1422 2743 1601 2806 secundum
1616 2743 1725 2827 cujus-

570 2845 652 2909 libet
675 2844 931 2928 magnitudinem
955 2853 989 2908 et
1012 2846 1192 2924 facultates,
1214 2845 1376 2924 homines,
1390 2854 1458 2909 tam
1477 2844 1604 2930 pedites
1627 2866 1723 2930 quam

571 2947 707 3032 equites,
733 2955 841 3031 prout,
865 2946 1066 3012 considerata
1091 2946 1211 3031 negotii
1235 2947 1400 3031 qualitate,
1423 2945 1551 3011 duxeris
1575 2946 1725 3012 ordinan-

571 3049 662 3126 dum,
687 3048 785 3111 modo
810 3048 956 3131 predicto
986 3051 1204 3113 transmittere
1230 3069 1297 3111 non
1321 3048 1463 3113 omittes.
1515 3047 1588 3112 Nec
1611 3048 1726 3132 alleget

572 3150 742 3233 quisquam
771 3148 896 3211 instans
923 3157 1054 3232 tempus
1079 3149 1247 3226 messium,
1277 3156 1334 3213 aut
1363 3149 1498 3234 alicujus
1524 3149 1654 3214 alterius
1680 3149 1725 3214 rei

572 3247 738 3311 familiaris
753 3247 1010 3330 occupationem,
1036 3270 1110 3312 cum
1134 3249 1237 3312 tutius
1252 3257 1287 3313 et
1311 3249 1428 3313 melius
1444 3250 1487 3314 sit
1511 3273 1585 3315 cum
1609 3251 1726 3316 securi·

571 3357 638 3413 tate
667 3369 805 3433 persone
834 3349 867 3413 in
892 3347 987 3414 bonis
1016 3349 1251 3435 aliquantulum
1277 3352 1508 3437 dampnificari,
1529 3375 1626 3439 quam
1652 3375 1725 3418 curn

572 3460 655 3515 terre
670 3459 704 3515 et
724 3450 885 3515 bonorum
897 3451 1078 3536 perditione
1093 3454 1185 3518 totali
1199 3475 1258 3539 per
1271 3454 1387 3539 impias
1402 3476 1515 3519 eorum
1529 3477 1656 3535 manus,
1671 3455 1728 3542 qui

573 3551 769 3636 sangvvinern
784 3561 929 3617 vestrum
952 3553 1079 3632 sitiunt,
1095 3554 1185 3618 sexui
1205 3563 1262 3618 aut
1284 3555 1372 3633 etati,
1388 3555 1416 3618 si
1435 3555 1597 3637 prevalere
1611 3563 1728 3638 potue-

572 3653 647 3731 rint,
684 3652 817 3717 minime
846 3653 1010 3737 parcituri,
1036 3655 1173 3718 crudelis
1202 3655 1316 3718 mortis
1345 3676 1428 3738 pene
1456 3655 1593 3719 liberari.
1653 3656 1728 3722 Hoc

571 3751 669 3836 igitur
683 3753 874 3816 mandatum
890 3762 1037 3816 nostrum
1053 3774 1111 3837 per
1133 3753 1334 3818 comitatum
1349 3763 1443 3817 tuum
1458 3754 1556 3818 facias
1571 3757 1729 3841 puplicari

571 3851 724 3915 informa
746 3851 900 3935 predicta,
915 3862 950 3917 et
975 3853 1108 3936 singulis
1125 3853 1322 3933 denunciari,
1336 3864 1384 3932 ut,
1412 3856 1496 3920 sicut
1521 3868 1670 3923 nostrum
1696 3869 1730 3924 et

571 3962 654 4018 terre
676 3960 786 4018 nostre
811 3953 968 4018 bonorem
995 3962 1028 4017 et
1042 3954 1125 4018 vitas
1146 3954 1292 4039 proprias
1317 3956 1466 4041 diligunt,
1481 3968 1515 4024 et
1539 3960 1623 4025 sicut
1637 3983 1728 4025 suam

572 4063 606 4120 et
620 4056 776 4123 heredum
788 4079 920 4122 suorum
936 4057 1219 4124 exheredationem
1233 4070 1425 4146 perpetuam
1440 4062 1543 4128 vitare
1557 4065 1730 4140 voluerint,
