<?xml version="1.0" encoding="UTF-8"?>
<!DOCTYPE html PUBLIC "-//W3C//DTD XHTML 1.0 Transitional//EN"
    "http://www.w3.org/TR/xhtml1/DTD/xhtml1-transitional.dtd">
<html xmlns="http://www.w3.org/1999/xhtml" xml:lang="en" lang="en">
 <head>
  <title>
</title>
<meta http-equiv="Content-Type" content="text/html;charset=utf-8" />
  <meta name='ocr-system' content='tesseract 3.04.00' />
  <meta name='ocr-capabilities' content='ocr_page ocr_carea ocr_par ocr_line ocrx_word'/>
</head>
<body>
  <div class='ocr_page' id='page_1' title='image "./deantiquislegib02fitzgoog_0281.png"; bbox 0 0 3920 5022; ppageno 0'>
   <div class='ocr_carea' id='block_1_1' title="bbox 527 625 1388 684">
    <p class='ocr_par' dir='ltr' id='par_1_1' title="bbox 527 625 1388 684">
     <span class='ocr_line' id='line_1_1' title="bbox 527 625 1388 684; baseline 0.002 -4"><span class='ocrx_word' id='word_1_1' title='bbox 527 635 785 684; x_wconf 78' lang='lat' dir='ltr'>vroaoomruu</span> <span class='ocrx_word' id='word_1_2' title='bbox 810 637 1097 683; x_wconf 73' lang='lat' dir='ltr'>nosnosrnaorr.</span> <span class='ocrx_word' id='word_1_3' title='bbox 1367 625 1388 682; x_wconf 78' lang='lat'>³</span> 
     </span>
    </p>
   </div>
   <div class='ocr_carea' id='block_1_2' title="bbox 327 785 1561 956">
    <p class='ocr_par' dir='ltr' id='par_1_2' title="bbox 327 785 1561 956">
     <span class='ocr_line' id='line_1_2' title="bbox 327 785 1561 857; baseline -0.008 -5"><span class='ocrx_word' id='word_1_4' title='bbox 327 785 470 853; x_wconf 78' lang='lat' dir='ltr'>&#39;l&#39;homas</span> <span class='ocrx_word' id='word_1_5' title='bbox 485 787 526 852; x_wconf 81' lang='lat' dir='ltr'>da</span> <span class='ocrx_word' id='word_1_6' title='bbox 542 788 717 855; x_wconf 82' lang='lat' dir='ltr'>Havarilla.</span> <span class='ocrx_word' id='word_1_7' title='bbox 1401 793 1450 843; x_wconf 71' lang='lat' dir='ltr'>w.</span> <span class='ocrx_word' id='word_1_8' title='bbox 1461 793 1561 857; x_wconf 64' lang='grc' dir='ltr'>οωιϊῐ.</span> 
     </span>
     <span class='ocr_line' id='line_1_3' title="bbox 329 888 577 956; baseline 0.012 -4"><span class='ocrx_word' id='word_1_9' title='bbox 329 888 438 955; x_wconf 90' lang='lat' dir='ltr'>Hamo</span> <span class='ocrx_word' id='word_1_10' title='bbox 454 891 577 956; x_wconf 91' lang='lat' dir='ltr'>Brond.</span> 
     </span>
    </p>
   </div>
   <div class='ocr_carea' id='block_1_3' title="bbox 282 992 1569 1570">
    <p class='ocr_par' dir='ltr' id='par_1_3' title="bbox 326 992 1569 1182">
     <span class='ocr_line' id='line_1_4' title="bbox 326 992 1569 1068; baseline -0.004 -10"><span class='ocrx_word' id='word_1_11' title='bbox 326 992 349 1058; x_wconf 83' lang='lat' dir='ltr'>J</span> <span class='ocrx_word' id='word_1_12' title='bbox 351 994 494 1058; x_wconf 88' lang='lat' dir='ltr'>ohannes</span> <span class='ocrx_word' id='word_1_13' title='bbox 510 995 694 1059; x_wconf 82' lang='lat' dir='ltr'>Walravan.</span> <span class='ocrx_word' id='word_1_14' title='bbox 1400 1005 1450 1052; x_wconf 70' lang='lat'><em>11⁰.</em></span> <span class='ocrx_word' id='word_1_15' title='bbox 1459 1005 1569 1068; x_wconf 55' lang='lat' dir='ltr'>ocsus.</span> 
     </span>
     <span class='ocr_line' id='line_1_5' title="bbox 328 1094 734 1182; baseline 0.005 -26"><span class='ocrx_word' id='word_1_16' title='bbox 328 1094 485 1159; x_wconf 86' lang='lat' dir='ltr'>Ricardus</span> <span class='ocrx_word' id='word_1_17' title='bbox 500 1094 541 1160; x_wconf 88' lang='lat' dir='ltr'>de</span> <span class='ocrx_word' id='word_1_18' title='bbox 555 1096 734 1182; x_wconf 88' lang='lat' dir='ltr'>Wyntona.</span> 
     </span>
    </p>

    <p class='ocr_par' dir='ltr' id='par_1_4' title="bbox 282 1194 1555 1570">
     <span class='ocr_line' id='line_1_6' title="bbox 282 1194 1385 1284; baseline 0.004 -24"><span class='ocrx_word' id='word_1_19' title='bbox 282 1194 357 1261; x_wconf 86' lang='lat' dir='ltr'>Hoc</span> <span class='ocrx_word' id='word_1_20' title='bbox 372 1219 457 1262; x_wconf 88' lang='lat' dir='ltr'>anno</span> <span class='ocrx_word' id='word_1_21' title='bbox 471 1199 602 1263; x_wconf 88' lang='lat' dir='ltr'>fuerunt</span> <span class='ocrx_word' id='word_1_22' title='bbox 616 1199 733 1282; x_wconf 84' lang='lat' dir='ltr'>placita</span> <span class='ocrx_word' id='word_1_23' title='bbox 748 1219 866 1264; x_wconf 83' lang='lat' dir='ltr'>corona</span> <span class='ocrx_word' id='word_1_24' title='bbox 881 1198 969 1284; x_wconf 88' lang='lat' dir='ltr'>apud</span> <span class='ocrx_word' id='word_1_25' title='bbox 982 1196 1113 1263; x_wconf 80' lang='lat' dir='ltr'>Turrim</span> <span class='ocrx_word' id='word_1_26' title='bbox 1127 1197 1385 1264; x_wconf 89' lang='lat' dir='ltr'>Londoniarum.</span> 
     </span>
     <span class='ocr_line' id='line_1_7' title="bbox 324 1298 1542 1367; baseline -0.01 -3"><span class='ocrx_word' id='word_1_27' title='bbox 324 1298 492 1364; x_wconf 83' lang='lat' dir='ltr'>Johannes</span> <span class='ocrx_word' id='word_1_28' title='bbox 509 1299 672 1367; x_wconf 84' lang='lat' dir='ltr'>Heliland.</span> <span class='ocrx_word' id='word_1_29' title='bbox 1400 1304 1542 1356; x_wconf 63' lang='lat' dir='ltr'>moos.</span> 
     </span>
     <span class='ocr_line' id='line_1_8' title="bbox 324 1401 754 1469; baseline 0.009 -5"><span class='ocrx_word' id='word_1_30' title='bbox 324 1401 539 1466; x_wconf 87' lang='lat' dir='ltr'>Eadmundus</span> <span class='ocrx_word' id='word_1_31' title='bbox 555 1403 596 1466; x_wconf 83' lang='lat' dir='ltr'>da</span> <span class='ocrx_word' id='word_1_32' title='bbox 609 1404 641 1467; x_wconf 92' lang='lat' dir='ltr'>la</span> <span class='ocrx_word' id='word_1_33' title='bbox 656 1403 754 1469; x_wconf 79' lang='lat' dir='ltr'>Halo.</span> 
     </span>
     <span class='ocr_line' id='line_1_9' title="bbox 324 1490 1555 1570; baseline -0.002 -3"><span class='ocrx_word' id='word_1_34' title='bbox 324 1503 416 1568; x_wconf 82' lang='lat' dir='ltr'>Ssrlo</span> <span class='ocrx_word' id='word_1_35' title='bbox 431 1504 461 1568; x_wconf 80' lang='lat' dir='ltr'>la</span> <span class='ocrx_word' id='word_1_36' title='bbox 478 1503 615 1570; x_wconf 82' lang='lat' dir='ltr'>Meroer.</span> <span class='ocrx_word' id='word_1_37' title='bbox 1398 1493 1447 1540; x_wconf 59' lang='grc' dir='ltr'>Ψ·</span> <span class='ocrx_word' id='word_1_38' title='bbox 1456 1491 1513 1539; x_wconf 75' lang='lat'><strong><em>⁰⁰⁰·</em></strong></span> <span class='ocrx_word' id='word_1_39' title='bbox 1522 1490 1555 1552; x_wconf 62' lang='lat'>”³²</span> 
     </span>
    </p>
   </div>
   <div class='ocr_carea' id='block_1_4' title="bbox 317 1604 1558 1794">
    <p class='ocr_par' dir='ltr' id='par_1_5' title="bbox 317 1604 1558 1794">
     <span class='ocr_line' id='line_1_10' title="bbox 324 1604 834 1672; baseline 0.006 -4"><span class='ocrx_word' id='word_1_40' title='bbox 324 1604 488 1670; x_wconf 84' lang='lat' dir='ltr'>Hanrious</span> <span class='ocrx_word' id='word_1_41' title='bbox 503 1606 543 1670; x_wconf 88' lang='lat' dir='ltr'>de</span> <span class='ocrx_word' id='word_1_42' title='bbox 559 1607 679 1671; x_wconf 86' lang='lat' dir='ltr'>Sancto</span> <span class='ocrx_word' id='word_1_43' title='bbox 693 1606 834 1672; x_wconf 84' lang='lat' dir='ltr'>Albano.</span> 
     </span>
     <span class='ocr_line' id='line_1_11' title="bbox 317 1705 1558 1794; baseline 0.009 -25"><span class='ocrx_word' id='word_1_44' title='bbox 317 1705 479 1770; x_wconf 86' lang='lat' dir='ltr'>Robertus</span> <span class='ocrx_word' id='word_1_45' title='bbox 494 1706 535 1771; x_wconf 89' lang='lat' dir='ltr'>de</span> <span class='ocrx_word' id='word_1_46' title='bbox 549 1708 731 1793; x_wconf 71' lang='lat' dir='ltr'>Wyntona.</span> <span class='ocrx_word' id='word_1_47' title='bbox 1397 1730 1445 1780; x_wconf 55' lang='grc' dir='ltr'>ιι».</span> <span class='ocrx_word' id='word_1_48' title='bbox 1454 1732 1558 1794; x_wconf 63' lang='lat' dir='ltr'>eonas.</span> 
     </span>
    </p>
   </div>
   <div class='ocr_carea' id='block_1_5' title="bbox 280 1807 1573 1999">
    <p class='ocr_par' dir='ltr' id='par_1_6' title="bbox 280 1807 1573 1999">
     <span class='ocr_line' id='line_1_12' title="bbox 322 1807 669 1875; baseline 0.012 -4"><span class='ocrx_word' id='word_1_49' title='bbox 322 1807 519 1872; x_wconf 83' lang='lat' dir='ltr'>Wiliielmua</span> <span class='ocrx_word' id='word_1_50' title='bbox 536 1809 669 1875; x_wconf 82' lang='lat' dir='ltr'>Hardel.</span> 
     </span>
     <span class='ocr_line' id='line_1_13' title="bbox 280 1909 1573 1999; baseline 0.004 -26"><span class='ocrx_word' id='word_1_51' title='bbox 280 1909 356 1974; x_wconf 86' lang='lat' dir='ltr'>Hoo</span> <span class='ocrx_word' id='word_1_52' title='bbox 385 1933 471 1976; x_wconf 90' lang='lat' dir='ltr'>anno</span> <span class='ocrx_word' id='word_1_53' title='bbox 500 1914 621 1977; x_wconf 85' lang='lat' dir='ltr'>factum</span> <span class='ocrx_word' id='word_1_54' title='bbox 647 1922 698 1977; x_wconf 88' lang='lat' dir='ltr'>est</span> <span class='ocrx_word' id='word_1_55' title='bbox 719 1912 927 1978; x_wconf 80' lang='lat' dir='ltr'>interdictum</span> <span class='ocrx_word' id='word_1_56' title='bbox 950 1931 1009 1998; x_wconf 87' lang='lat' dir='ltr'>per</span> <span class='ocrx_word' id='word_1_57' title='bbox 1032 1919 1135 1976; x_wconf 86' lang='lat' dir='ltr'>totam</span> <span class='ocrx_word' id='word_1_58' title='bbox 1165 1913 1315 1999; x_wconf 85' lang='lat' dir='ltr'>Angliam</span> <span class='ocrx_word' id='word_1_59' title='bbox 1337 1914 1381 1980; x_wconf 85' lang='lat' dir='ltr'>ix.</span> <span class='ocrx_word' id='word_1_60' title='bbox 1395 1917 1573 1967; x_wconf 62' lang='lat' dir='ltr'>numm.</span> 
     </span>
    </p>
   </div>
   <div class='ocr_carea' id='block_1_6' title="bbox 234 2113 457 2180">
    <p class='ocr_par' dir='ltr' id='par_1_7' title="bbox 234 2113 457 2180">
     <span class='ocr_line' id='line_1_14' title="bbox 234 2113 457 2180; baseline 0.013 -3"><span class='ocrx_word' id='word_1_61' title='bbox 234 2113 304 2178; x_wconf 85' lang='lat' dir='ltr'>dies</span> <span class='ocrx_word' id='word_1_62' title='bbox 319 2114 457 2180; x_wconf 87' lang='lat' dir='ltr'>duravit.</span> 
     </span>
    </p>
   </div>
   <div class='ocr_carea' id='block_1_7' title="bbox 319 2217 1566 2386">
    <p class='ocr_par' dir='ltr' id='par_1_8' title="bbox 319 2217 1566 2386">
     <span class='ocr_line' id='line_1_15' title="bbox 319 2217 1566 2305; baseline 0.014 -25"><span class='ocrx_word' id='word_1_63' title='bbox 319 2217 461 2281; x_wconf 83' lang='lat' dir='ltr'><strong>Thomas</strong></span> <span class='ocrx_word' id='word_1_64' title='bbox 475 2217 561 2283; x_wconf 87' lang='lat' dir='ltr'>filius</span> <span class='ocrx_word' id='word_1_65' title='bbox 575 2219 707 2305; x_wconf 83' lang='lat' dir='ltr'>Nigelli.</span> <span class='ocrx_word' id='word_1_66' title='bbox 1392 2234 1442 2283; x_wconf 76' lang='lat'>¹¹⁰·</span> <span class='ocrx_word' id='word_1_67' title='bbox 1454 2234 1566 2298; x_wconf 56' lang='lat' dir='ltr'>comat</span> 
     </span>
     <span class='ocr_line' id='line_1_16' title="bbox 320 2317 580 2386; baseline 0.015 -4"><span class='ocrx_word' id='word_1_68' title='bbox 320 2317 435 2382; x_wconf 84' lang='lat' dir='ltr'>Petrus</span> <span class='ocrx_word' id='word_1_69' title='bbox 450 2319 480 2384; x_wconf 88' lang='lat' dir='ltr'>le</span> <span class='ocrx_word' id='word_1_70' title='bbox 496 2321 580 2386; x_wconf 88' lang='lat' dir='ltr'>Duo.</span> 
     </span>
    </p>
   </div>
   <div class='ocr_carea' id='block_1_8' title="bbox 276 2419 1379 2513">
    <p class='ocr_par' dir='ltr' id='par_1_9' title="bbox 276 2419 1379 2513">
     <span class='ocr_line' id='line_1_17' title="bbox 276 2419 1379 2513; baseline 0.006 -28"><span class='ocrx_word' id='word_1_71' title='bbox 276 2419 352 2486; x_wconf 91' lang='lat' dir='ltr'>Hoo</span> <span class='ocrx_word' id='word_1_72' title='bbox 367 2444 452 2488; x_wconf 90' lang='lat' dir='ltr'>anno</span> <span class='ocrx_word' id='word_1_73' title='bbox 474 2424 666 2490; x_wconf 77' lang='lat' dir='ltr'>universitas</span> <span class='ocrx_word' id='word_1_74' title='bbox 692 2425 809 2512; x_wconf 81' lang='lat' dir='ltr'>Anglia</span> <span class='ocrx_word' id='word_1_75' title='bbox 833 2425 910 2492; x_wconf 81' lang='lat' dir='ltr'>iecit</span> <span class='ocrx_word' id='word_1_76' title='bbox 927 2425 1115 2512; x_wconf 75' lang='lat' dir='ltr'>homagium</span> <span class='ocrx_word' id='word_1_77' title='bbox 1138 2427 1220 2513; x_wconf 79' lang='lat' dir='ltr'>Regi</span> <span class='ocrx_word' id='word_1_78' title='bbox 1234 2425 1379 2493; x_wconf 89' lang='lat' dir='ltr'>Johanni</span> 
     </span>
    </p>
   </div>
   <div class='ocr_carea' id='block_1_9' title="bbox 223 2523 1550 4038">
    <p class='ocr_par' dir='ltr' id='par_1_10' title="bbox 230 2523 1550 3018">
     <span class='ocr_line' id='line_1_18' title="bbox 230 2523 546 2612; baseline 0.016 -25"><span class='ocrx_word' id='word_1_79' title='bbox 230 2523 318 2608; x_wconf 88' lang='lat' dir='ltr'>apud</span> <span class='ocrx_word' id='word_1_80' title='bbox 334 2523 546 2612; x_wconf 83' lang='lat' dir='ltr'>Merleberga.</span> 
     </span>
     <span class='ocr_line' id='line_1_19' title="bbox 317 2626 1550 2695; baseline 0.001 -4"><span class='ocrx_word' id='word_1_81' title='bbox 317 2626 433 2692; x_wconf 85' lang='lat' dir='ltr'>Petrus</span> <span class='ocrx_word' id='word_1_82' title='bbox 447 2628 470 2693; x_wconf 87' lang='lat' dir='ltr'>J</span> <span class='ocrx_word' id='word_1_83' title='bbox 472 2629 575 2695; x_wconf 89' lang='lat' dir='ltr'>unior.</span> <span class='ocrx_word' id='word_1_84' title='bbox 1391 2629 1439 2678; x_wconf 62' lang='grc' dir='ltr'>Ψ·</span> <span class='ocrx_word' id='word_1_85' title='bbox 1450 2631 1550 2680; x_wconf 49' lang='lat'>⁰01²?-</span> 
     </span>
     <span class='ocr_line' id='line_1_20' title="bbox 315 2728 626 2795; baseline 0.01 -3"><span class='ocrx_word' id='word_1_86' title='bbox 315 2728 511 2794; x_wconf 88' lang='lat' dir='ltr'>Willielmus</span> <span class='ocrx_word' id='word_1_87' title='bbox 526 2731 626 2795; x_wconf 86' lang='lat' dir='ltr'>Wite.</span> 
     </span>
     <span class='ocr_line' id='line_1_21' title="bbox 316 2830 1533 2915; baseline -0.002 -21"><span class='ocrx_word' id='word_1_88' title='bbox 316 2830 501 2915; x_wconf 85' lang='lat' dir='ltr'>Stephanus</span> <span class='ocrx_word' id='word_1_89' title='bbox 517 2831 667 2896; x_wconf 82' lang='lat' dir='ltr'>Crassus.</span> <span class='ocrx_word' id='word_1_90' title='bbox 1391 2841 1533 2892; x_wconf 63' lang='lat' dir='ltr'>Maeona.</span> 
     </span>
     <span class='ocr_line' id='line_1_22' title="bbox 314 2931 649 3018; baseline -0.003 -21"><span class='ocrx_word' id='word_1_91' title='bbox 314 2933 421 2997; x_wconf 79' lang='lat' dir='ltr'>Adam</span> <span class='ocrx_word' id='word_1_92' title='bbox 437 2933 478 2997; x_wconf 86' lang='lat' dir='ltr'>de</span> <span class='ocrx_word' id='word_1_93' title='bbox 491 2931 649 3018; x_wconf 79' lang='lat' dir='ltr'>Wyteby.</span> 
     </span>
    </p>

    <p class='ocr_par' dir='ltr' id='par_1_11' title="bbox 229 3031 1377 3198">
     <span class='ocr_line' id='line_1_23' title="bbox 273 3031 1377 3118; baseline 0.001 -21"><span class='ocrx_word' id='word_1_94' title='bbox 273 3032 348 3097; x_wconf 86' lang='lat' dir='ltr'>Hoc</span> <span class='ocrx_word' id='word_1_95' title='bbox 370 3056 456 3099; x_wconf 87' lang='lat' dir='ltr'>anno</span> <span class='ocrx_word' id='word_1_96' title='bbox 471 3042 692 3098; x_wconf 83' lang='lat' dir='ltr'>concrematus</span> <span class='ocrx_word' id='word_1_97' title='bbox 718 3032 918 3118; x_wconf 85' lang='lat' dir='ltr'>estquidam</span> <span class='ocrx_word' id='word_1_98' title='bbox 944 3031 1155 3118; x_wconf 78' lang='lat' dir='ltr'>Ambigensis</span> <span class='ocrx_word' id='word_1_99' title='bbox 1177 3033 1265 3118; x_wconf 89' lang='lat' dir='ltr'>apud</span> <span class='ocrx_word' id='word_1_100' title='bbox 1288 3034 1377 3098; x_wconf 88' lang='lat' dir='ltr'>Lou-</span> 
     </span>
     <span class='ocr_line' id='line_1_24' title="bbox 229 3133 353 3198; baseline 0.016 -2"><span class='ocrx_word' id='word_1_101' title='bbox 229 3133 353 3198; x_wconf 89' lang='lat' dir='ltr'>donias.</span> 
     </span>
    </p>

    <p class='ocr_par' dir='ltr' id='par_1_12' title="bbox 312 3233 1541 3405">
     <span class='ocr_line' id='line_1_25' title="bbox 312 3233 1541 3302; baseline -0.002 -1"><span class='ocrx_word' id='word_1_102' title='bbox 312 3235 434 3301; x_wconf 85' lang='lat' dir='ltr'>Jooeus</span> <span class='ocrx_word' id='word_1_103' title='bbox 449 3235 535 3300; x_wconf 88' lang='lat' dir='ltr'>filius</span> <span class='ocrx_word' id='word_1_104' title='bbox 551 3236 648 3302; x_wconf 85' lang='lat' dir='ltr'>Petri.</span> <span class='ocrx_word' id='word_1_105' title='bbox 1388 3233 1541 3299; x_wconf 58' lang='lat' dir='ltr'>fflffiu&#39;·</span> 
     </span>
     <span class='ocr_line' id='line_1_26' title="bbox 312 3337 673 3405; baseline -0.003 -2"><span class='ocrx_word' id='word_1_106' title='bbox 312 3337 480 3404; x_wconf 84' lang='lat' dir='ltr'>Johannes</span> <span class='ocrx_word' id='word_1_107' title='bbox 497 3339 673 3405; x_wconf 87' lang='lat' dir='ltr'>Garlaund.</span> 
     </span>
    </p>

    <p class='ocr_par' dir='ltr' id='par_1_13' title="bbox 223 3436 1527 3731">
     <span class='ocr_line' id='line_1_27' title="bbox 271 3436 1527 3550; baseline -0.001 -45"><span class='ocrx_word' id='word_1_108' title='bbox 271 3441 346 3506; x_wconf 89' lang='lat' dir='ltr'>Hoo</span> <span class='ocrx_word' id='word_1_109' title='bbox 375 3463 460 3507; x_wconf 87' lang='lat' dir='ltr'>anno</span> <span class='ocrx_word' id='word_1_110' title='bbox 482 3441 544 3506; x_wconf 86' lang='lat' dir='ltr'>fuit</span> <span class='ocrx_word' id='word_1_111' title='bbox 568 3442 744 3506; x_wconf 83' lang='lat' dir='ltr'>vehemens</span> <span class='ocrx_word' id='word_1_112' title='bbox 758 3439 842 3526; x_wconf 78' lang='lat' dir='ltr'>ignis</span> <span class='ocrx_word' id='word_1_113' title='bbox 866 3440 907 3503; x_wconf 83' lang='lat' dir='ltr'>da</span> <span class='ocrx_word' id='word_1_114' title='bbox 931 3439 1113 3519; x_wconf 85' lang='lat' dir='ltr'>Suthwark‚</span> <span class='ocrx_word' id='word_1_115' title='bbox 1139 3447 1173 3504; x_wconf 85' lang='lat' dir='ltr'>et</span> <span class='ocrx_word' id='word_1_116' title='bbox 1193 3436 1527 3550; x_wconf 55' lang='lat' dir='ltr'>combussitgt&#39;qeds</span> 
     </span>
     <span class='ocr_line' id='line_1_28' title="bbox 224 3517 1487 3642; baseline -0.002 -32"><span class='ocrx_word' id='word_1_117' title='bbox 224 3545 388 3610; x_wconf 79' lang='lat' dir='ltr'>ecclesiam</span> <span class='ocrx_word' id='word_1_118' title='bbox 414 3544 531 3609; x_wconf 83' lang='lat' dir='ltr'>Sancte</span> <span class='ocrx_word' id='word_1_119' title='bbox 555 3545 672 3624; x_wconf 83' lang='lat' dir='ltr'>Maris,</span> <span class='ocrx_word' id='word_1_120' title='bbox 697 3552 731 3609; x_wconf 86' lang='lat' dir='ltr'>et</span> <span class='ocrx_word' id='word_1_121' title='bbox 755 3542 893 3608; x_wconf 87' lang='lat' dir='ltr'>Pontem</span> <span class='ocrx_word' id='word_1_122' title='bbox 909 3565 984 3607; x_wconf 88' lang='lat' dir='ltr'>oum</span> <span class='ocrx_word' id='word_1_123' title='bbox 998 3541 1129 3628; x_wconf 82' lang='lat' dir='ltr'>oapoila,</span> <span class='ocrx_word' id='word_1_124' title='bbox 1145 3552 1178 3607; x_wconf 86' lang='lat' dir='ltr'>et</span> <span class='ocrx_word' id='word_1_125' title='bbox 1199 3543 1373 3608; x_wconf 83' lang='lat' dir='ltr'>maximam</span> <span class='ocrx_word' id='word_1_126' title='bbox 1386 3517 1487 3642; x_wconf 42' lang='lat' dir='ltr'>Not·</span> 
     </span>
     <span class='ocr_line' id='line_1_29' title="bbox 223 3646 525 3731; baseline 0.003 -21"><span class='ocrx_word' id='word_1_127' title='bbox 223 3655 348 3731; x_wconf 89' lang='lat' dir='ltr'>partem</span> <span class='ocrx_word' id='word_1_128' title='bbox 364 3646 525 3711; x_wconf 87' lang='lat' dir='ltr'>Civitatis.</span> 
     </span>
    </p>

    <p class='ocr_par' dir='ltr' id='par_1_14' title="bbox 309 3749 1548 3938">
     <span class='ocr_line' id='line_1_30' title="bbox 309 3749 690 3815; baseline 0 -1"><span class='ocrx_word' id='word_1_129' title='bbox 309 3749 546 3815; x_wconf 80' lang='lat' dir='ltr'>Constantinus</span> <span class='ocrx_word' id='word_1_130' title='bbox 561 3749 584 3815; x_wconf 85' lang='lat' dir='ltr'>J</span> <span class='ocrx_word' id='word_1_131' title='bbox 585 3749 690 3815; x_wconf 85' lang='lat' dir='ltr'>unior.</span> 
     </span>
     <span class='ocr_line' id='line_1_31' title="bbox 309 3852 1548 3938; baseline 0.002 -20"><span class='ocrx_word' id='word_1_132' title='bbox 309 3852 688 3938; x_wconf 84' lang='lat' dir='ltr'>RadulphusHelyland.</span> <span class='ocrx_word' id='word_1_133' title='bbox 1385 3868 1548 3931; x_wconf 55' lang='lat' dir='ltr'>meconi:</span> 
     </span>
    </p>

    <p class='ocr_par' dir='ltr' id='par_1_15' title="bbox 266 3950 1371 4038">
     <span class='ocr_line' id='line_1_32' title="bbox 266 3950 1371 4038; baseline -0.001 -22"><span class='ocrx_word' id='word_1_134' title='bbox 266 3952 342 4017; x_wconf 86' lang='lat' dir='ltr'>Hoo</span> <span class='ocrx_word' id='word_1_135' title='bbox 364 3975 450 4018; x_wconf 87' lang='lat' dir='ltr'>anno</span> <span class='ocrx_word' id='word_1_136' title='bbox 466 3955 548 4019; x_wconf 90' lang='lat' dir='ltr'>obiit</span> <span class='ocrx_word' id='word_1_137' title='bbox 559 3954 722 4020; x_wconf 88' lang='lat' dir='ltr'>Henrious</span> <span class='ocrx_word' id='word_1_138' title='bbox 743 3952 830 4017; x_wconf 88' lang='lat' dir='ltr'>filius</span> <span class='ocrx_word' id='word_1_139' title='bbox 847 3952 997 4038; x_wconf 82' lang='lat' dir='ltr'>Eylwyni</span> <span class='ocrx_word' id='word_1_140' title='bbox 1016 3952 1141 4038; x_wconf 89' lang='lat' dir='ltr'>primus</span> <span class='ocrx_word' id='word_1_141' title='bbox 1158 3950 1266 4017; x_wconf 85' lang='lat' dir='ltr'>Maior</span> <span class='ocrx_word' id='word_1_142' title='bbox 1281 3950 1371 4016; x_wconf 91' lang='lat' dir='ltr'>Lon·</span> 
     </span>
    </p>
   </div>
   <div class='ocr_carea' id='block_1_10' title="bbox 221 4052 1004 4138">
    <p class='ocr_par' dir='ltr' id='par_1_16' title="bbox 221 4052 1004 4138">
     <span class='ocr_line' id='line_1_33' title="bbox 221 4052 1004 4138; baseline 0 -21"><span class='ocrx_word' id='word_1_143' title='bbox 221 4052 401 4131; x_wconf 85' lang='lat' dir='ltr'>doniamm,</span> <span class='ocrx_word' id='word_1_144' title='bbox 418 4064 451 4119; x_wconf 83' lang='lat' dir='ltr'>et</span> <span class='ocrx_word' id='word_1_145' title='bbox 466 4055 622 4120; x_wconf 83' lang='lat' dir='ltr'>successit</span> <span class='ocrx_word' id='word_1_146' title='bbox 637 4055 782 4138; x_wconf 84' lang='lat' dir='ltr'>Rogems</span> <span class='ocrx_word' id='word_1_147' title='bbox 797 4053 883 4118; x_wconf 86' lang='lat' dir='ltr'>filius</span> <span class='ocrx_word' id='word_1_148' title='bbox 897 4053 1004 4118; x_wconf 80' lang='lat' dir='ltr'>Alani.</span> 
     </span>
    </p>
   </div>
   <div class='ocr_carea' id='block_1_11' title="bbox 0 0 1964 5022">
    <p class='ocr_par' dir='ltr' id='par_1_17' title="bbox 0 0 1964 5022">
     <span class='ocr_line' id='line_1_34' title="bbox 0 0 1964 5022; baseline 0 0"><span class='ocrx_word' id='word_1_149' title='bbox 0 0 1964 5022; x_wconf 95' lang='lat' dir='ltr'> </span> 
     </span>
    </p>
   </div>
  </div>
 </body>
</html>
