3898 5022
817 608 995 653 euersos.
1429 589 1522 653 cxcix

319 761 491 838 pertinentiis
511 779 567 817 una
587 779 651 818 cum
670 759 760 818 feodis
780 764 832 818 &c-
851 760 955 818 eisdem
976 758 1121 818 Willelmo
1145 758 1262 835 Phelipp
1289 765 1319 816 et
1341 756 1471 817 Johanne
1497 770 1526 818 et
1589 797 1591 802 -

319 859 466 917 heredibus
479 859 515 915 de
530 859 693 934 corporibus
711 859 873 916 commdem
888 857 1023 916 Willdmi
1037 865 1066 914 et
1085 856 1216 916 Johanne
1237 856 1402 914 exeuntibus
1419 856 1453 914 de
1466 858 1527 934 ipso

323 956 401 1030 Rege
415 963 444 1012 et
462 953 611 1011 heredibus
631 953 688 1010 suis
710 973 759 1030 per
785 954 902 1011 servicis
921 952 984 1011 inde
1005 953 1098 1010 debita
1117 961 1146 1010 ct
1164 961 1298 1010 consueta
1317 951 1528 1028 imperpetuum,

320 1061 403 1130 prout
425 1052 453 1108 in
478 1051 582 1109 eisdem
603 1050 703 1108 litteris
728 1051 887 1127 patentibus
911 1050 1021 1126 plenius
1046 1049 1144 1126 liquet.
1198 1054 1242 1107 Ac
1256 1050 1370 1127 insuper
1387 1050 1529 1126 juratores

321 1149 472 1226 supradicti
497 1148 594 1206 dicunt
614 1147 691 1224 quod
713 1147 803 1206 dictus
827 1149 978 1215 hienricus,
1002 1167 1091 1224 nuper
1114 1147 1176 1206 llex
1198 1148 1313 1223 Anglie,
1333 1166 1402 1205 avus
1423 1146 1528 1204 domini

324 1246 412 1323 Regis
426 1265 509 1315 nunc,
524 1265 574 1322 per
588 1245 655 1303 alias
669 1246 776 1302 litteras
792 1265 856 1303 suas
875 1255 1002 1322 patentes
1016 1245 1097 1302 dictis
1114 1245 1288 1322 juratoribus
1308 1245 1337 1301 in
1359 1243 1531 1302 evidenciam

323 1353 459 1411 ostensas,
481 1343 619 1401 concessit
632 1343 747 1420 prefatis
763 1342 908 1400 Willelmo
930 1342 1056 1421 Clyfford
1070 1352 1099 1400 et
1113 1343 1199 1400 Anne
1213 1349 1242 1400 et
1257 1341 1398 1398 Willelmo
1414 1340 1531 1417 Phelipp

322 1449 350 1498 et
363 1440 493 1500 Johanne
506 1441 580 1497 inter
593 1438 648 1498 alia
669 1440 824 1496 manerium
838 1439 873 1496 de
893 1439 1029 1517 Byrlinge
1049 1441 1077 1496 in
1100 1440 1233 1496 comitatu
1254 1437 1379 1514 predicto
1393 1457 1455 1495 cum
1470 1456 1532 1513 per·

323 1537 455 1606 tinentiis,
476 1556 533 1595 una
561 1556 625 1594 cum
647 1536 738 1593 feodis
761 1536 891 1602 militurn,
913 1536 1141 1593 advocationibus
1162 1536 1341 1593 ecclesiarum
1363 1543 1392 1593 et
1414 1535 1532 1591 aliorum

323 1633 520 1690 beneficiorum
542 1632 796 1689 ecclesiasticorum
819 1651 1060 1708 quorumcumque
1082 1632 1158 1689 dicto
1179 1633 1304 1689 manerio
1327 1631 1362 1690 de
1389 1631 1533 1709 Byrlynge

324 1729 522 1804 pertinentium
546 1728 605 1782 sire
632 1727 826 1801 spectantium,
847 1727 1008 1785 habendum
1032 1736 1061 1785 et
1085 1728 1237 1785 tenendum
1263 1729 1367 1786 eisdem
1391 1727 1534 1786 Willelmo

326 1822 455 1902 Clyfford
468 1830 497 1878 et
507 1822 591 1879 Anne
604 1828 633 1878 et
645 1820 788 1878 Willelmo
804 1821 922 1898 Phelipp
935 1832 965 1880 et
977 1822 1108 1882 Johanne
1118 1831 1147 1880 et
1161 1823 1311 1882 heredibus
1324 1822 1359 1880 dc
1372 1823 1534 1899 corporibus

326 1921 412 1997 ipsius
429 1919 513 1976 Auno
527 1926 556 1975 et
569 1917 700 1976 Johanne
713 1919 887 1987 exeuntibus,
907 1920 946 1976 ita
960 1919 1036 1996 quod
1055 1920 1079 1976 si
1092 1919 1209 1996 predicti
1223 1919 1382 1978 Willelmus
1398 1919 1534 1998 Clytiord,

328 2017 423 2084 Anne,
444 2014 604 2073 Willelmus
620 2014 738 2092 Phelipp
752 2023 780 2072 et
793 2015 926 2074 Johanne
942 2017 1001 2074 sine
1014 2015 1116 2075 herede
1133 2016 1167 2074 de
1186 2017 1349 2094 corporibus
1363 2016 1436 2074 dicte
1450 2017 1535 2074 Anne

328 2123 358 2170 et
379 2113 510 2172 Johanne
533 2120 651 2171 exeunte
674 2113 792 2181 obirent,
819 2121 921 2172 extunc
946 2113 1051 2172 dictum
1072 2115 1225 2172 manerium
1247 2114 1282 2171 de
1303 2113 1447 2192 Byrlynge
1469 2131 1534 2169 cunr

327 2209 499 2285 pertiuentiis
523 2209 589 2274 suis,
604 2227 660 2265 una
684 2228 748 2264 cum
768 2208 859 2266 feodis
880 2216 909 2266 et
929 2209 1158 2266 advocationibus
1179 2208 1354 2285 supradictis,
1382 2207 1419 2265 ad
1441 2207 1532 2285 ipsum

328 2327 413 2364 avum
427 2305 531 2363 domini
547 2305 635 2380 Regis
649 2324 724 2363 nunc
737 2314 767 2364 et
784 2306 932 2364 heredibus
947 2308 1004 2362 suis
1023 2306 1226 2383 imperpetuum
1239 2313 1433 2373 reverteretur,
1454 2314 1537 2381 prout

326 2405 357 2461 in
372 2403 453 2461 dictis
474 2402 574 2460 litteris
594 2403 754 2479 patentibus
775 2403 884 2478 plenius
904 2404 1071 2461 continetur.
1115 2403 1227 2462 Virtute
1248 2404 1328 2478 cujus
1348 2401 1535 2460 concessionis

329 2501 412 2558 iidem
441 2500 600 2558 Willelmus
629 2500 758 2579 Clyfford
784 2508 813 2558 et
842 2501 935 2568 Anna,
956 2499 1115 2558 Willelmus
1143 2500 1262 2577 Phelipp
1290 2509 1318 2556 et
1338 2498 1479 2567 Johanne,
1500 2497 1536 2555 de

327 2598 451 2654 manerio
461 2598 585 2674 predicto
595 2597 710 2654 fuemnt
718 2598 802 2654 scisiti
817 2598 845 2653 in
856 2597 947 2655 forma
958 2599 1090 2674 predicta,
1104 2605 1132 2654 et
1143 2597 1225 2655 iidem
1238 2597 1398 2656 Willelmus
1411 2595 1538 2675 Clyti'ord

330 2704 358 2753 et
379 2695 472 2762 Anna,
493 2694 654 2752 Willelmus
673 2694 792 2770 Phelipp
806 2703 835 2750 et
848 2692 989 2761 Johanne,
1008 2703 1111 2751 statum
1132 2713 1214 2750 suum
1232 2695 1261 2750 in
1275 2693 1399 2770 predicto
1412 2693 1537 2750 manerio

330 2791 573 2856 continuaverunt,
588 2805 734 2862 quousque
756 2787 847 2843 dictus
872 2787 1031 2844 Willelmus
1056 2785 1184 2862 clyfford
1207 2785 1276 2843 obiit
1298 2788 1357 2843 sine
1379 2785 1480 2844 herede
1504 2786 1539 2842 de

330 2905 446 2961 corpore
461 2905 512 2942 suo
525 2883 606 2941 etde
626 2882 867 2959 corporeprel'ate
889 2883 976 2940 Anna
997 2890 1152 2957 procreato.
1194 2881 1233 2937 Et
1253 2889 1350 2956 postea
1371 2882 1434 2940 Rex
1454 2899 1539 2956 nunc,

330 3001 380 3057 per
393 2983 500 3040 litteras
515 2999 581 3038 suas
594 2987 732 3056 patentes,
754 2997 873 3054 quarum
892 2977 959 3034 data
976 2985 1019 3034 est
1039 2976 1114 3052 apud
1127 2976 1411 3034 westmonasterium
1431 2975 1539 3034 decimo

333 3078 377 3135 die
392 3077 464 3135 Maii
488 3096 563 3134 anno
576 3075 655 3151 regni
669 3075 711 3131 sui
727 3073 921 3139 sextodecimo,
942 3074 1062 3130 recitans
1082 3071 1288 3129 concessionem
1301 3071 1463 3148 predictam,
1481 3072 1539 3147 jus,

333 3181 446 3241 statum,
469 3173 580 3231 titulum
600 3181 629 3231 et
647 3172 860 3249 possessionem,
881 3190 936 3247 que
960 3169 1061 3247 prefati
1082 3171 1175 3237 Anna,
1190 3168 1351 3227 Willelmua
1373 3168 1490 3246 Phelipp
1511 3176 1541 3225 et

335 3265 468 3324 Johanne
493 3275 561 3325 tunc
583 3268 740 3326 habuerunt
763 3267 792 3324 iu
813 3266 909 3324 eodem
934 3265 1146 3323 maneriorum
1173 3265 1356 3340 pertiuentiis,
1376 3265 1540 3341 acceptavit,

339 3363 514 3439 approbavit,
536 3365 683 3422 ratificavit
696 3373 725 3421 et
738 3364 922 3422 confirmavit.
975 3363 1014 3421 Et
1037 3363 1153 3420 ulterius
1175 3362 1312 3420 concessit
1332 3361 1448 3440 prefatis
1467 3361 1540 3419 Wil-

339 3460 426 3518 lelmo
441 3459 559 3538 Phelipp
573 3469 603 3517 et
625 3460 755 3520 Johanne
768 3462 839 3518 inter
859 3461 915 3519 aha
933 3459 1009 3536 quod
1031 3459 1164 3517 medietas
1187 3459 1312 3535 ejusdem
1333 3461 1450 3518 manerii
1475 3480 1539 3518 curn

342 3557 527 3636 pertinentiis,
548 3577 602 3633 que
616 3558 717 3634 prefati
733 3558 827 3625 Anna,
841 3556 1001 3614 Willelmus
1013 3554 1132 3633 Phelipp
1145 3566 1174 3614 et
1187 3556 1319 3616 Johanna
1340 3559 1380 3615 sic
1400 3567 1467 3615 tunc
1481 3565 1542 3614 ten-

335 3661 438 3712 uerunt
452 3653 481 3709 in
506 3652 599 3710 sonna
620 3652 752 3729 predicta,
767 3659 795 3709 et
814 3671 868 3728 que
887 3651 1021 3709 medietas
1034 3660 1098 3729 post
1111 3661 1230 3710 mortem
1244 3653 1432 3730 predictorum
1447 3653 1542 3719 Anne,

340 3749 474 3806 Willehni
492 3746 610 3824 Phelipp
625 3755 654 3804 et
671 3745 811 3814 Johanne,
833 3766 896 3804 cum
917 3748 1005 3824 ipsam
1029 3748 1145 3806 Annam
1166 3748 1225 3806 sine
1248 3749 1350 3806 herede
1374 3748 1408 3806 de
1427 3767 1542 3824 corpore

338 3867 389 3905 suo
403 3847 481 3904 obire
495 3847 686 3922 contingisset,
706 3845 847 3922 adipsum
863 3845 971 3921 Regem
985 3853 1014 3902 et
1028 3844 1145 3905 heredes
1163 3867 1228 3904 suos
1249 3847 1351 3904 reverti
1366 3846 1488 3913 deberet,
1508 3864 1542 3903 eo

340 3945 416 4020 quod
430 3943 570 4020 predictus
588 3943 745 4002 Willelmus
766 3942 894 4021 Clyfford
912 3953 1038 4001 mortuus
1052 3945 1115 4011 fuit,
1137 3945 1251 4020 prefatis
1265 3942 1409 4001 Willelmo
1424 3941 1541 4018 Phelipp

339 4050 368 4097 et
401 4041 530 4098 Johanne
563 4049 727 4106 remaneret,
760 4039 889 4098 habenda
920 4049 949 4096 et
981 4040 1101 4097 tenenda
1130 4040 1279 4098 medietate
1299 4040 1348 4097 illa
1372 4059 1436 4097 cum
1457 4039 1542 4114 perti-

339 4137 447 4202 nentiis,
463 4157 519 4193 una
533 4157 596 4194 curn
610 4138 699 4194 leodis
714 4138 841 4202 militurn,
866 4135 923 4202 &c.‚
944 4137 1049 4192 eisdem
1062 4136 1209 4193 Willelrno
1230 4137 1348 4212 Phelipp
1367 4144 1396 4192 et
1413 4134 1542 4193 Johanne
