3920 5022
566 590 609 650 50
932 599 1095 650 cnossoa
1119 600 1297 647 unionum
1323 599 1368 646 sn

418 783 423 794 ·
566 752 803 841 predecessoris
818 753 880 834 sui,
901 753 958 840 qui
979 763 1075 820 antes
1096 753 1280 820 absolverat
1292 753 1401 840 ipsum
1416 751 1540 837 Regem
1553 760 1589 817 at
1602 769 1718 815 omnes

566 855 640 920 illos
666 854 708 920 de
729 855 927 940 juramento,
946 855 1035 942 quod
1052 855 1197 922 fecerant
1220 855 1256 920 in
1281 853 1496 920 parliamento
1522 853 1564 918 de
1587 851 1718 918 Oxonia

567 957 600 1022 in
617 957 680 1022 hoc
694 955 802 1022 rotulo
816 966 1001 1042 prenotato.
1044 957 1091 1024 Et
1104 957 1195 1024 misit
1216 957 1289 1022 Rex
1302 955 1401 1023 breve
1416 977 1512 1022 suum
1527 975 1587 1042 per
1600 975 1716 1020 omnes

569 1059 729 1124 Civitates
753 1057 881 1145 Anglie,
905 1058 1087 1145 precipiens
1111 1059 1251 1145 nequis
1276 1059 1365 1124 illam
1385 1055 1626 1124 absolutionem
1640 1077 1718 1122 con-

570 1161 754 1240 tradiceret,
767 1169 803 1226 et
816 1161 844 1226 si
859 1161 932 1248 quis
946 1171 1060 1226 oontn
1073 1161 1137 1227 hoc
1150 1162 1186 1225 iu
1200 1161 1287 1226 facto
1298 1161 1350 1226 vel
1370 1161 1406 1226 in
1424 1161 1512 1226 dicto
1526 1161 1630 1226 facere
1644 1179 1719 1245 pre-

572 1264 738 1343 sumieset,
752 1273 930 1347 caperetur,
946 1284 1014 1329 non
1029 1261 1222 1328 liberaturus
1238 1263 1308 1328 sine
1322 1261 1468 1328 Domim
1484 1263 1583 1347 Rege.

614 1365 689 1430 Hoc
714 1385 800 1428 anno
824 1366 896 1430 Rex
920 1364 1112 1430 Alemannis
1135 1365 1270 1430 recessit
1289 1386 1309 1428 a
1331 1365 1512 1430 Londoniis
1525 1363 1630 1450 pridie
1644 1371 1720 1427 ante

570 1467 692 1531 festum
707 1463 819 1530 Sancti
833 1465 965 1546 Albani,
980 1466 1036 1550 qui
1050 1467 1146 1531 tertia
1160 1467 1212 1532 die
1226 1477 1305 1552 post
1318 1467 1548 1533 transhetavit

614 1568 733 1634 Postea
758 1566 922 1632 Dominus
946 1569 1030 1645 Rex,
1055 1566 1108 1632 die
1133 1569 1308 1635 Dominica
1331 1579 1408 1656 post
1432 1569 1553 1634 lectum
1576 1567 1665 1632 Petri
1686 1581 1720 1634 et

572 1669 676 1748 Pauli,
692 1669 780 1754 cepit
793 1668 957 1735 licentiam
979 1669 1020 1734 ad
1043 1689 1170 1734 crucem
1194 1671 1306 1738 Sancti
1328 1671 1421 1737 Pauli
1441 1669 1671 1736 transfretandi
1684 1670 1719 1733 in

572 1773 708 1839 Francia
730 1795 749 1837 a
776 1772 911 1837 Civibus
937 1770 1193 1852 Londoniarum,
1213 1783 1248 1839 et
1272 1774 1307 1839 in
1332 1774 1519 1840 Crastinum
1539 1774 1674 1838 recessit
1701 1793 1722 1836 a

352 1891 530 1969 130er
573 1874 867 1941 westmonasterio
881 1895 995 1939 versus
1017 1893 1116 1951 mare,
1130 1883 1165 1938 et
1187 1877 1310 1962 Regina
1335 1899 1410 1944 cum
1432 1899 1483 1955 eo,
1504 1874 1721 1942 existentibus

350 1957 497 2020 'ww'
573 1992 654 2045 tuno
667 1978 824 2064 temporis
837 1977 923 2041 ultra
937 1997 1026 2041 mare
1040 1977 1192 2042 Dominis
1207 1979 1368 2044 Eduardo
1390 1990 1425 2044 et
1445 1977 1632 2057 Edmundo,
1648 1975 1723 2042 filiis

574 2082 710 2150 Domini
736 2081 846 2168 Regis.
890 2078 958 2145 Qui
982 2079 1055 2144 Rex
1079 2087 1114 2144 et
1139 2079 1265 2164 Regina
1288 2083 1354 2146 cito
1368 2089 1483 2166 postea
1496 2080 1723 2144 transfretave-

571 2194 659 2250 runt.

352 2307 388 2355 D«
398 2307 461 2354 oua
473 2305 548 2354 comt
617 2286 712 2352 Circa
723 2283 812 2350 idem
825 2294 956 2370 tempus
971 2281 1053 2348 obiit
1065 2283 1223 2350 Ricardus
1236 2286 1277 2352 de
1287 2285 1394 2366 Clare,
1406 2281 1526 2350 Comes
1535 2282 1722 2362 Glovernie,

351 2371 561 2499 ssfflffia
572 2398 607 2455 et
622 2387 785 2452 Henricus
801 2386 841 2452 de
854 2386 1043 2472 Wingham,
1058 2387 1244 2474 Episcopus
1260 2387 1515 2454 londoniarum,

353 2502 489 2550 amaa.
617 2493 700 2570 Rex,
714 2499 843 2577 postea,
857 2491 946 2576 gravi
960 2490 1150 2557 infirmitate
1171 2493 1332 2578 egrotavit
1357 2492 1440 2557 circa
1463 2489 1583 2557 festum
1605 2489 1723 2556 Sancte

576 2593 682 2658 Maris
696 2613 808 2658 mense
824 2591 1048 2678 Septembris3
1070 2613 1131 2680 pro
1156 2615 1221 2678 qua
1245 2593 1433 2661 infirmitate
1455 2615 1579 2660 moram
1599 2596 1675 2661 fecit
1688 2596 1723 2660 in

573 2694 797 2761 transmarinis
811 2695 959 2781 partibus
973 2718 1077 2782 usque
1091 2705 1168 2782 post
1177 2696 1298 2760 festum
1312 2695 1423 2761 Sancti
1434 2695 1594 2761 Nicholai.

620 2796 714 2864 Circa
735 2796 823 2862 idem
845 2805 976 2883 tempus
991 2798 1113 2864 electus
1129 2809 1180 2864 est
1202 2799 1236 2863 in
1257 2799 1459 2886 Episcopum
1478 2797 1723 2863 Londoniarum

575 2898 733 2966 Ricardus
746 2899 896 2979 Talebot,
910 2900 1063 2966 Dccanus
1079 2899 1190 2966 Sancti
1205 2901 1309 2979 Pauli,
1324 2901 1390 2988 qui,
1401 2901 1530 2966 rediens
1545 2899 1724 2985 apartibus

573 3003 809 3083 transmarinis,
837 3003 896 3069 ubi
923 3013 1130 3090 presentatus
1167 3003 1231 3068 fuit
1267 3005 1414 3070 Domino
1452 3003 1543 3089 Regi,
1572 3004 1663 3070 venit
1690 3005 1726 3067 in

572 3108 744 3193 Angliam3
766 3106 822 3191 qui
844 3115 995 3192 egrotans
1017 3107 1133 3171 cecidit
1155 3093 1189 3170 in
1212 3106 1345 3188 lectum,
1367 3116 1401 3172 et
1422 3117 1570 3172 mortuus
1585 3115 1636 3172 est
1649 3116 1726 3172 ante

572 3211 694 3275 festum
709 3209 821 3273 Sancti
836 3207 1008 3274 Michaelis
1022 3218 1057 3273 ct
1071 3217 1148 3274 ante
1161 3210 1450 3276 consecrationem.

354 3321 402 3396 ste.
411 3320 562 3395 scateat,
662 3306 826 3373 Osbertus
841 3307 883 3373 de
898 3307 1113 3373 Suthfolehia.

353 3386 562 3511 mmihi·
663 3409 827 3475 Robertus
842 3411 883 3479 de
899 3412 1103 3498 Munpelers.

352 3465 420 3512 m
621 3513 696 3578 Hoc
718 3534 804 3578 anno
825 3515 931 3580 factus
959 3525 1011 3582 est
1033 3516 1152 3583 iterum
1175 3515 1319 3582 Thomas
1347 3517 1434 3583 filius
1462 3519 1589 3586 Thome
1618 3518 1727 3584 Maior

575 3613 831 3681 Londoniarum.

621 3715 697 3780 Hoc
721 3736 818 3795 anno,
836 3726 914 3801 post
935 3717 1056 3782 festum
1080 3718 1190 3782 Sancti
1214 3718 1350 3784 Martini
1371 3719 1455 3786 anca
1475 3742 1637 3807 vesperas,
1652 3743 1727 3786 oum

576 3818 707 3904 quidam
721 3818 745 3883 J
746 3817 849 3883 udeus
863 3819 1067 3885 vulnerasset
1092 3821 1233 3906 quodam
1255 3823 1398 3890 anelacio
1412 3825 1574 3910 quendem
1589 3823 1729 3890 Christi-

575 3943 675 3986 snum
698 3919 734 3986 in
758 3921 830 3986 vico
857 3921 898 3988 de
924 3922 1155 4003 Colecherche,
1181 3936 1389 3992 accurrerunt
1410 3927 1507 3993 multi
1538 3927 1727 4008 Christiani,

576 4023 709 4105 scilicet,
731 4025 977 4091 innumerabilis
996 4026 1151 4112 populus,
1175 4028 1217 4092 ad
1240 4029 1385 4096 Judeum
1406 4031 1679 4116 prosequendum,
1693 4041 1729 4098 et

575 4129 741 4215 fregerunt
765 4130 973 4216 quamplures
999 4130 1116 4197 domos
1140 4131 1343 4212 «iudeorum
1365 4142 1399 4198 et
1420 4132 1461 4198 de
1482 4134 1546 4198 hoc
1567 4154 1634 4198 non
1649 4155 1727 4200 oon·
