3930 5088
574 653 830 702 viceconrruu
857 655 1143 701 nonnonmnnn.
1374 643 1434 702 129

333 805 410 870 Hoc
435 804 533 871 breve
571 817 744 873 executum
782 809 855 888 tuit,
890 819 1048 894 quantum
1084 810 1124 874 de
1160 809 1315 875 fidelitate
1354 810 1434 893 Regi

287 909 444 988 faciende,
459 932 547 976 nono
562 911 614 976 die
628 911 835 977 Novembris.
890 913 1017 990 Postea,
1036 911 1077 975 ad
1095 911 1287 997 petitionem
1304 911 1434 977 Civium

289 1011 452 1076 Dominus
468 1014 550 1092 Rex,
565 1014 621 1099 qui
647 1025 757 1079 essent
782 1016 940 1099 recepturi
955 1015 989 1077 in
1006 1014 1158 1089 civitate,
1173 1014 1362 1080 certificavit
1376 1038 1433 1081 eos

289 1133 347 1197 per
361 1113 458 1180 breve
473 1137 588 1196 suum3
609 1116 699 1201 quod
712 1116 810 1182 breve
825 1128 914 1182 verte
929 1116 1066 1182 folium
1058 1119 1203 1184 invenies
1220 1119 1388 1203 scriptum.

333 1216 585 1282 Memorandum
617 1219 705 1303 quod
740 1238 851 1284 mense
884 1218 965 1282 Julii
991 1221 1146 1303 preterito
1180 1221 1431 1286 transmiserunt
1445 1231 1504 1282 Deo
1491 1230 1631 1291 odeviae

290 1317 387 1381 Cives
415 1319 658 1385 Londonierum
686 1321 850 1406 quoddam
875 1321 1033 1406 scriptum
1062 1321 1299 1407 obligatorium,
1326 1322 1432 1408 sigillo
1445 1295 1545 1344 “m''

290 1418 541 1486 communitatis
557 1422 742 1508 sigillatum,
758 1423 901 1488 Domino
918 1423 999 1508 Regi
1016 1423 1168 1488 existenti
1182 1425 1216 1488 in
1232 1425 1431 1510 parliamento

286 1521 375 1607 apud
389 1521 650 1608 Wyntoniam3
642 1547 676 1589 m
691 1547 755 1610 qno
770 1525 954 1590 continetur
976 1527 1064 1611 quod
1087 1526 1256 1591 Johannes
1276 1527 1432 1606 Addrien,

289 1621 397 1688 Maior
419 1625 673 1706 Londonisrum,
697 1628 852 1709 Baiones,
868 1628 965 1694 Cives
990 1640 1026 1693 et
1045 1627 1235 1692 universalis
1258 1649 1432 1692 commune

288 1724 434 1809 ejusdem
450 1726 600 1792 Civitatis
623 1729 755 1814 obligati
781 1741 858 1797 sunt
872 1732 958 1816 quod
982 1731 1046 1816 ipsi
1063 1741 1097 1796 et
1110 1729 1245 1796 heredes
1259 1751 1382 1808 eorum,
1397 1739 1431 1794 et

287 1828 343 1912 qui
357 1839 434 1912 post
447 1828 536 1914 ipsos
550 1830 679 1895 venturi
694 1841 781 1911 sunt,
796 1855 924 1919 semper
934 1844 967 1900 et
978 1835 1069 1899 omni
1081 1843 1228 1917 tempore
1242 1841 1338 1896 erunt
1351 1832 1430 1896 fide-

286 1928 334 1993 les
349 1930 493 1995 Domino
509 1932 589 2017 Regi
603 1941 638 1997 et
655 1933 827 1998 heredibus
839 1936 906 2000 suis
922 1946 1034 2001 eontra
1048 1957 1162 2000 omnes
1176 1945 1299 2021 gentes.
1343 1937 1389 2001 Et
1404 1937 1432 2000 si

287 2030 351 2113 ipsi
373 2032 426 2096 vel
450 2033 585 2098 heredes
611 2055 735 2115 eorum,
750 2037 801 2101 vel
821 2038 876 2122 qui
891 2049 969 2124 post
982 2039 1072 2124 ipsos
1088 2037 1216 2103 venturi
1232 2047 1320 2116 sunt,
1335 2059 1354 2102 s
1368 2037 1433 2102 fide

288 2132 367 2198 dicti
389 2135 487 2220 Regis
502 2137 554 2200 vel
575 2136 731 2202 heredum
747 2161 880 2205 suorum
900 2141 1115 2207 communiter
1129 2140 1331 2218 recesserint,
1346 2160 1435 2204 arms

288 2247 400 2301 contra
410 2237 517 2323 ipsum
525 2249 691 2324 portantes
701 2266 711 2320 ;
722 2251 811 2322 tunc,
823 2264 881 2328 per
889 2243 1071 2329 predictum
1084 2241 1240 2328 scriptum
1252 2239 1435 2306 concedunt

287 2349 326 2404 ut
334 2338 397 2422 ipsi
405 2339 556 2406 amittant
564 2342 664 2407 vitam
676 2355 710 2409 et
718 2345 864 2410 membra
874 2345 944 2409 sine
953 2345 1044 2410 omni
1055 2344 1284 2422 misericordie,
1295 2353 1330 2408 et
1338 2343 1435 2407 exhe-

288 2444 449 2525 redentor,
464 2454 498 2510 et
511 2445 647 2512 heredes
664 2468 776 2512 eorum
791 2449 826 2512 in
841 2460 1045 2535 perpetuum,
1059 2457 1093 2514 et
1103 2445 1434 2524 excommunicentur,

287 2557 321 2611 et
335 2548 482 2633 pluribus
497 2548 566 2613 eliis
582 2550 687 2614 modis
702 2550 737 2619 in
751 2551 806 2617 illo
822 2552 942 2636 scripto
965 2563 1044 2618 sunt
1066 2551 1209 2637 obligati.
1254 2548 1311 2613 Set
1325 2560 1435 2614 temen

287 2649 316 2714 si
338 2650 444 2736 aliqua
468 2652 619 2735 seperelis
642 2674 780 2736 persone
793 2654 846 2718 vel
860 2657 1018 2738 seperales
1033 2675 1170 2738 persone
1184 2652 1331 2736 ejusdem
1347 2651 1436 2716 Civi-

287 2753 375 2831 tatis,
394 2761 506 2817 contre
519 2752 617 2818 fidem
633 2753 730 2837 Regis
751 2755 804 2818 vel
818 2755 974 2818 heredum
989 2776 1122 2818 auomm
1147 2751 1267 2836 aliquid
1290 2752 1435 2828 fecerint,

286 2853 352 2938 ipsi
370 2855 431 2916 soli
452 2853 629 2936 puniantur
650 2863 684 2918 et
708 2853 850 2918 habeant
859 2855 1019 2939 judicium
1038 2875 1097 2939 per
1120 2853 1225 2938 legem
1247 2861 1342 2929 terre,
1364 2852 1434 2916 sine

287 2955 429 3038 dampno
443 2952 579 3018 aliorum
595 2953 735 3019 Civium.

330 3055 518 3136 manricus,
532 3056 597 3122 Dei
606 3057 717 3142 gratia,
729 3056 802 3121 Rex
815 3056 942 3142 Anglie,
954 3055 1116 3121 Dominus
1129 3052 1297 3130 Hibemie,
1309 3062 1343 3117 et
1353 3055 1431 3118 Dux
1437 3071 1475 3132 fo.
1489 3069 1535 3118 122
1549 3077 1578 3122 c.

287 3158 495 3244 Aquitannie,
518 3160 643 3226 dilectis
667 3170 701 3226 et
724 3159 874 3225 fidelibus
896 3159 964 3224 suis
985 3155 1105 3222 Maiori
1127 3165 1161 3222 et
1177 3153 1432 3220 vicecomitibus

287 3261 542 3343 Londonierum,
557 3263 741 3329 et·Civibus
757 3264 824 3328 suis
838 3263 986 3350 ejusdem
996 3261 1158 3340 Civitatis,
1170 3259 1317 3324 salutem.
1363 3257 1433 3326 soi-

287 3365 360 3444 stis,
375 3364 463 3449 quod
477 3366 519 3430 ad
542 3365 747 3431 securitatem
769 3374 913 3430 nostram
928 3373 963 3427 et
976 3373 1128 3442 vestram,
1143 3383 1180 3427 ac
1196 3360 1345 3426 Civitatis
1359 3381 1433 3446 pre-

287 3468 383 3546 dicte,
405 3467 606 3552 providimus
632 3469 672 3532 de
695 3467 830 3533 consilio
856 3476 979 3546 nostro,
1000 3465 1089 3551 quod
1117 3465 1229 3530 eadem
1255 3464 1378 3530 Civitas
1400 3473 1435 3528 et

286 3579 380 3656 porte
402 3568 548 3655 ejusdem
574 3569 711 3634 fideliter
736 3579 770 3635 et
791 3569 876 3636 bene
898 3568 1122 3634 custodientur
1142 3567 1182 3631 de
1203 3566 1255 3632 die
1270 3575 1305 3633 et
1317 3576 1435 3645 nocte3

286 3671 447 3753 videlicet,
462 3672 551 3757 quod
575 3681 671 3736 nocte
694 3681 788 3757 porte
808 3671 952 3757 predicte
975 3670 1176 3748 claudantur,
1191 3677 1226 3734 et
1249 3668 1289 3733 de
1310 3675 1362 3732 dre
1377 3690 1436 3752 per

285 3776 434 3842 homines
449 3785 590 3840 srmstos
600 3773 735 3840 viriliter
748 3783 782 3838 et
791 3774 927 3840 discrete
936 3772 1173 3851 custodiantur,
1182 3771 1216 3835 in
1227 3773 1331 3836 forms
1341 3772 1434 3837 vobis

285 3877 361 3943 inde
373 3878 476 3962 pridie
487 3877 691 3942 demandata.
734 3876 884 3942 Etetiem
895 3876 983 3961 quod
998 3874 1079 3940 nulli
1094 3873 1219 3958 equites
1230 3873 1283 3937 vel
1297 3873 1435 3958 pedites,

287 4001 345 4044 seu
369 3978 424 4042 alii
447 3979 488 4043 de
509 3978 626 4063 quibus
649 3976 791 4062 suspicio
806 3977 912 4063 aliqua
927 3977 1037 4042 haberi
1053 3977 1168 4062 possit,
1183 3975 1235 4040 vel
1250 3975 1347 4040 etiam
1362 3999 1434 4040 sus·

286 4079 386 4167 picari
411 4080 498 4164 quod
524 4081 690 4144 sinistrum
714 4077 844 4162 aliquod
859 4080 910 4143 vel
936 4079 1057 4143 malum
1083 4078 1123 4141 de
1147 4075 1242 4140 nobis
1265 4099 1434 4162 perperam

287 4203 456 4270 suggerere
470 4183 583 4262 velint,
606 4181 755 4260 dicendo,
777 4181 984 4266 predicando,
1009 4179 1251 4247 conventiculas
1277 4201 1333 4244 sen
1357 4202 1434 4244 con·

331 4305 445 4351 onaan.
462 4303 536 4350 soc.
1242 4303 1257 4343 a
