3930 5088
542 552 798 598 vicacousruu
824 555 1111 600 nonnosrsnou.
1339 541 1395 599 151

251 701 401 771 buissent
423 726 604 785 assensum,
628 703 781 790 adquam
804 705 985 771 voluissent
1009 706 1043 771 in
1071 705 1222 786 Ciuitate,
1245 699 1403 792 quiesset

254 805 363 872 Maior
377 828 500 888 eorum,
515 817 549 872 et
562 806 672 892 ipsum
683 815 909 893 presentarent
922 808 1067 873 Domino
1084 807 1175 894 Regi,
1190 820 1224 872 et
1238 807 1403 872 Dominus

253 911 326 975 Rex
349 911 459 997 ipsum
483 911 670 976 admitteret
695 910 731 974 in
759 909 929 976 maioratu.
974 912 1119 997 Populus
1140 922 1251 978 tamen
1276 932 1405 997 semper

254 1013 423 1094 clamabat,
444 1014 528 1080 sicut
552 1023 647 1079 antea
671 1013 795 1078 dictum
820 1023 882 1079 est.
921 1013 1060 1078 Nullum
1079 1023 1190 1079 autem
1210 1035 1404 1099 responsum

253 1124 432 1198 potuemnt
445 1125 553 1202 portes
567 1114 712 1202 predicte
732 1113 852 1180 habere
874 1115 915 1182 da
936 1116 1024 1201 Rege
1039 1125 1073 1181 et
1097 1115 1243 1180 Consilio
1263 1137 1323 1181 suo
1347 1135 1406 1202 per

252 1218 363 1302 plures
377 1219 458 1284 dies.

299 1321 358 1386 Set
384 1317 608 1399 Aldermanni‚
633 1318 792 1384 cumillis
813 1319 870 1405 qui
887 1319 1084 1386 adheserunt
1104 1319 1163 1400 eis,
1186 1328 1220 1386 et
1240 1319 1405 1405 predictus

254 1421 432 1503 Walter-us,
444 1444 519 1488 cum
533 1420 760 1486 innumerabili
774 1423 907 1508 populo,
918 1423 973 1509 qui
989 1422 1166 1488 submoniti
1181 1430 1273 1488 erant
1287 1423 1405 1488 cotidie

254 1523 317 1589 sub
342 1525 455 1590 eadem
480 1545 565 1610 pena
590 1533 624 1588 et
648 1523 755 1589 modis
778 1525 930 1590 omnibus
955 1527 1040 1590 sicut
1062 1535 1157 1590 antea
1180 1533 1329 1590 notatum
1344 1534 1405 1605 est,

255 1636 417 1693 venerunt
438 1627 479 1692 ad
494 1627 822 1693 westmonasterium
846 1629 981 1716 singulis
1004 1627 1171 1694 diebusde
1186 1626 1239 1692 die
1259 1627 1295 1692 in
1318 1627 1405 1693 diem

256 1731 415 1815 usquead
430 1729 551 1794 festum
566 1729 677 1796 Sancti
693 1730 840 1796 Martini.

300 1833 347 1897 Et
370 1834 616 1898 memorandum
641 1832 729 1918 quod
754 1855 829 1898 cum
851 1833 922 1919 ipse
937 1833 1101 1898 Walterus
1129 1831 1342 1898 intellexisset
1371 1855 1407 1900 se

255 1931 437 2020 incuperari
446 1956 465 1998 a
474 1934 679 2020 quibusdam,
690 1955 730 2000 eo
745 1934 830 2021 quod
843 1934 913 2020 ipse
921 1934 1019 1999 vellet
1032 1955 1105 2000 esse
1120 1934 1229 2000 Maior
1245 1935 1407 2016 Civitatis,

258 2037 314 2124 qui
323 2037 484 2116 dixerunt,
500 2037 653 2102 “Nullus
669 2037 766 2104 debet
776 2036 1067 2122 habereballivam,
1077 2037 1132 2122 qui
1143 2059 1215 2102 eam
1227 2038 1408 2118 desiderat3

257 2163 335 2206 nam
353 2140 436 2205 tales
454 2140 502 2205 nil
516 2139 660 2226 cogitant
679 2140 719 2206 de
734 2139 939 2226 promotione
951 2139 1172 2225 subjectorum
1192 2161 1336 2221 suorum,
1357 2151 1409 2206 set

258 2243 463 2308 solummodo
477 2243 518 2308 de
533 2241 739 2328 promotione
753 2262 865 2307 eorum
880 2240 1043 2328 propria?
1074 2242 1129 2307 Ad
1139 2242 1227 2327 qood
1242 2242 1408 2328 predictus

258 2345 424 2411 Walterus
434 2345 498 2412 tale
513 2344 605 2411 dedit
619 2367 811 2431 responsum
821 2344 973 2430 gentibus
989 2342 1052 2409 sibi
1062 2344 1346 2411 circumstantibus
1361 2347 1417 2410 af··

257 2447 401 2526 firmans,
411 2456 445 2512 et
451 2447 565 2532 jurans
577 2467 635 2532 per
649 2447 759 2513 Deum
769 2455 803 2511 et
816 2466 875 2531 per
889 2446 1030 2510 animam
1040 2467 1143 2526 susm,
1153 2447 1241 2532 quod
1254 2446 1325 2533 ipse
1340 2468 1407 2512 non

257 2548 454 2615 desiderarit
467 2572 538 2616 esse
562 2549 671 2615 Maior
691 2549 746 2615 vel
759 2548 874 2634 aliquis
889 2549 970 2614 alius
984 2546 1123 2614 ballivus
1137 2549 1172 2613 in
1194 2549 1334 2616 Ciuitate
1348 2571 1409 2636 pro

259 2673 314 2732 se;
337 2661 387 2717 set
399 2673 460 2738 pro
474 2672 583 2716 amore
598 2651 674 2731 Dei,
688 2659 723 2716 et
737 2649 878 2716 cantatis
900 2650 1033 2730 intuitu,
1046 2651 1145 2716 vellet
1158 2651 1240 2717 illud
1252 2653 1360 2716 honus
1375 2663 1410 2718 et

257 2751 349 2816 illum
372 2752 516 2816 laborem
540 2751 710 2830 sustinere,
733 2760 772 2814 ut
795 2760 909 2835 posset
931 2771 1088 2835 pauperes
1103 2751 1144 2814 de
1160 2751 1289 2816 civitate
1312 2753 1411 2816 susti·

259 2875 336 2918 nere
354 2861 466 2918 contra
481 2851 608 2931 divites,
630 2851 685 2936 qui
699 2851 815 2915 volunt
828 2851 918 2936 ipsos
933 2850 1114 2935 opprimere
1128 2851 1162 2916 in
1177 2851 1313 2936 tollagiis
1327 2861 1361 2917 et
1375 2853 1410 2916 in

259 2954 444 3042 sumptibus
458 2955 493 3018 in
509 2952 650 3018 Ciuitate
663 2953 768 3018 factis.

258 3158 407 3222 ridentes
418 3156 518 3222 nichil
529 3155 684 3242 proficere
698 3157 739 3222 ad
753 3156 833 3221 illud
842 3154 1007 3241 negotium
1019 3153 1246 3241 elongandum,
1257 3168 1418 3222 vocantes.

262 3281 368 3324 coram
387 3280 422 3323 se
437 3256 676 3323 Aldermannos
691 3267 726 3324 et
735 3257 917 3322 Walterum
926 3279 1001 3322 cum
1009 3257 1220 3343 complicibus
1233 3258 1312 3338 suis,
1321 3259 1412 3324 dixe-

262 3371 340 3426 runt
353 3361 412 3442 eis,
436 3361 634 3426 “Dominus
655 3361 726 3426 Rex
747 3360 819 3425 vult
841 3382 955 3426 omnes
980 3359 1145 3425 libertates
1159 3369 1284 3425 vestros
1304 3361 1412 3428 illesas

262 3483 462 3542 conservare,
486 3472 519 3526 et
544 3483 618 3526 cum
643 3483 704 3527 ros
725 3483 793 3526 non
818 3460 967 3546 poteritis
990 3460 1186 3526 unanimiter
1199 3462 1356 3527 assentire
1370 3463 1412 3526 ad

262 3587 364 3631 unum
380 3565 541 3630 Maiorem
555 3564 749 3650 eligendum,
764 3564 835 3649 ipse
849 3563 930 3644 vult,
946 3564 1033 3650 quod
1048 3573 1082 3629 et
1095 3563 1260 3629 Walterus
1279 3565 1412 3652 Herevy

262 3677 297 3734 et
321 3667 492 3754 Philippus
518 3667 549 3732 le
577 3667 699 3730 Tsillur
721 3678 933 3732 amoveantur
954 3689 974 3732 s
995 3666 1164 3747 maiorstu,
1186 3676 1220 3732 et
1241 3667 1329 3753 quod
1351 3689 1412 3732 ros

262 3770 408 3836 babeatis
422 3792 526 3835 unum
540 3770 709 3836 custodem
719 3771 760 3835 de
770 3770 1027 3856 nobismetipsis,
1041 3769 1097 3856 qui
1112 3791 1170 3854 per
1183 3791 1236 3834 me
1251 3770 1414 3835 custodiat

250 3872 440 3959 ‘Civitatem
454 3873 495 3940 ad
510 3894 593 3960 opus
619 3895 740 3954 meum,
764 3874 859 3939 etad
883 3895 966 3959 opus
989 3872 1142 3939 Edwardi
1166 3872 1225 3938 filii
1249 3871 1324 3937 mei.
1367 3872 1415 3936 Et

263 3983 344 4039 tunc
367 3973 478 4038 statim
503 3975 665 4040 Henricus
685 3976 725 4040 de
746 3974 894 4041 Frowick
917 3975 1020 4040 factus
1043 3983 1095 4039 est
1116 3971 1237 4037 Custos
1254 3971 1415 4052 Civitatis,

263 4086 302 4142 ut
331 4098 401 4142 eam
425 4079 604 4144 custodiret
625 4101 729 4164 usque
752 4079 793 4144 ad
817 4080 935 4144 festum
967 4077 1078 4142 Sancti
1109 4075 1238 4140 Hillarii
1267 4075 1416 4160 proximo
