3930 5088
569 671 827 719 vroacour'ruu
853 673 1137 719 uonnournnuru.
1367 653 1426 734 127

275 823 320 887 ita
335 825 423 910 quod
446 825 556 890 omnia
580 825 724 912 predicta
747 826 834 891 bona
856 849 875 891 a
901 826 1053 911 predictis
1078 826 1310 892 mercatoribus
1334 840 1428 915 capta

275 925 321 1033 eis
351 927 490 992 fuissent
517 929 660 1013 plenarie
685 927 846 1009 restituta,
870 937 904 994 et
927 951 1096 1014 quousque
1123 928 1267 993 Domino
1291 931 1372 1015 Regi
1387 931 1429 996 de

276 1028 402 1112 injuriis
418 1030 481 1095 sibi
494 1039 528 1095 et
540 1031 607 1095 suis
618 1031 716 1096 illatis
731 1031 873 1117 plenarie
888 1031 1004 1097 fuisset
1024 1032 1235 1096 satisfactum.

319 1133 414 1197 Tunc
437 1133 550 1198 habito
570 1133 704 1199 consilio
726 1155 785 1220 per
812 1143 1002 1218 preceptum
1025 1131 1162 1198 Domini
1185 1130 1293 1215 Regis,
1319 1127 1428 1193 omnia

278 1236 391 1300 catalla
414 1246 628 1302 mercatorum
660 1235 811 1301 Flandrie
839 1237 971 1300 luerunt
993 1245 1088 1320 capta
1116 1243 1151 1300 et
1175 1240 1335 1312 arestata3
1364 1252 1428 1317 que

274 1358 353 1401 vero
367 1359 471 1423 pauca
487 1339 631 1418 luerunt,
647 1338 722 1422 quia
745 1337 819 1422 ipsi,
834 1347 929 1402 antea
943 1358 1002 1421 per
1017 1336 1227 1402 comitissam
1240 1333 1428 1420 premuniti,

275 1440 354 1517 llere
369 1440 478 1504 omnia
492 1439 579 1504 bona
594 1462 652 1503 sua
663 1441 827 1524 ejecerunt
842 1461 894 1504 res
915 1461 1025 1525 regno.
1069 1438 1124 1518 Et,
1141 1437 1256 1502 eodem
1271 1445 1474 1521 temporeso.
1488 1445 1533 1492 121
1545 1454 1576 1494 ν).

276 1541 478 1626 prohibitum
489 1542 553 1605 fuit
563 1563 614 1608 res
625 1541 724 1608 breve
733 1541 869 1607 Domini
880 1542 989 1626 Regis,
998 1540 1134 1605 missum
1145 1540 1186 1604 ad
1197 1539 1386 1603 Londonias
1396 1547 1431 1602 et

277 1643 319 1706 ad
330 1665 443 1710 omnes
454 1655 569 1730 portus
579 1645 687 1725 maris,
698 1665 740 1709 ne
749 1643 876 1729 aliquis,
897 1644 966 1709 sive
985 1644 1147 1728 indigena,
1159 1641 1226 1705 sive
1241 1639 1430 1724 alienigena,

279 1746 418 1831 aliquam
426 1747 534 1811 lanam
549 1748 681 1812 duceret
692 1755 782 1814 extra
792 1767 927 1830 regnum
938 1745 979 1810 ad
989 1755 1096 1830 partes
1106 1743 1347 1807 tranmarinas.
1384 1742 1431 1806 Et

277 1849 451 1913 italactum
467 1860 518 1914 est
537 1849 696 1934 usquead
719 1848 966 1933 parlamentum,
982 1846 1068 1931 quod
1090 1846 1154 1910 fuit
1167 1845 1254 1930 apud
1263 1845 1430 1910 Westmo-
1440 1869 1473 1916 r„
1490 1884 1534 1932 rw
1550 1871 1650 1918 Parru-

279 1951 456 2016 nasterium
467 1959 543 2035 post
550 1951 671 2016 festum
682 1948 915 2014 'lianslationis
926 1947 1038 2013 Sancti
1048 1946 1198 2012 Edwardi
1210 1971 1220 2027 ς
1234 1947 1268 2011 in
1284 1967 1348 2032 quo
1357 1967 1430 2032 par-
1441 1936 1624 2058 mfflm·

276 2052 419 2117 lamento
444 2053 612 2138 provisum
634 2051 698 2116 fuit
719 2060 755 2116 et
778 2051 964 2116 ordinatum
980 2049 1067 2134 quod
1083 2070 1198 2113 omnes
1224 2057 1429 2130 mercatores,
1441 2063 1514 2112 nais.

279 2155 422 2240 exeeptis
438 2154 704 2233 Flandrensibus,
718 2153 849 2239 possint
870 2151 1029 2217 adducere
1043 2151 1151 2214 lanam
1167 2160 1259 2214 extra
1281 2169 1429 2235 regnum,

279 2255 464 2341 ubicunque
486 2257 660 2335 voluerint,
683 2263 792 2341 preter
813 2254 849 2320 in
869 2253 1066 2319 Flandriam.
1122 2253 1169 2318 Et
1189 2261 1269 2318 tunc
1283 2272 1343 2336 per
1356 2273 1430 2338 pre·

278 2370 409 2445 ceptum
422 2359 519 2446 Regis
529 2380 643 2424 omnes
653 2367 858 2436 mercatores,
868 2355 923 2442 qui
935 2357 1066 2422 luerunt
1085 2356 1120 2420 in
1132 2354 1324 2435 Londoniis,
1340 2377 1429 2420 com-

278 2471 455 2552 paruerunt
469 2461 556 2548 apud
566 2460 897 2526 westmonasterium
912 2482 1020 2526 coram
1036 2459 1172 2526 consilio
1187 2480 1258 2538 suo,
1270 2468 1304 2522 at
1315 2480 1430 2524 omnes

278 2564 323 2631 ibi
333 2566 526 2650 juraverunt
548 2563 636 2650 quod
660 2563 783 2629 nullam
809 2563 917 2628 lanam
939 2562 1096 2629 ducerent
1116 2562 1151 2626 in
1167 2560 1352 2626 Flandriam
1366 2583 1430 2626 nee

279 2669 379 2733 allam
410 2667 596 2731 societatem
621 2662 781 2728 haberent
819 2685 894 2729 cum
934 2662 1201 2741 Flandrensibue,
1238 2681 1299 2725 nec
1327 2661 1426 2726 ullam

279 2769 386 2833 lanam
411 2769 458 2832 eis
483 2765 674 2830 venderent.
716 2765 763 2828 Et
793 2763 823 2826 si
862 2762 935 2849 quis
965 2774 1079 2828 contra
1106 2764 1170 2826 hoc
1209 2762 1319 2826 venire
1352 2784 1426 2846 pre-

281 2867 467 2950 sumpserit,
482 2865 591 2930 omnia
605 2864 720 2928 camlla
735 2885 794 2928 sua
812 2864 848 2927 in
863 2863 980 2947 Anglia
995 2863 1159 2928 venientia
1185 2861 1325 2925 Domino
1347 2863 1426 2945 Regi

278 2970 487 3047 incurranter,
511 2983 544 3032 et
563 2968 634 3051 ipse
649 2966 927 3051 imprisonaretur.
965 2965 1000 3029 Si
1015 2975 1123 3027 autem
1139 2963 1211 3027 talis
1228 2983 1262 3026 se
1278 2961 1426 3027 absenta-

277 3072 371 3151 verit,
396 3091 463 3133 non
478 3069 611 3134 veniens
632 3068 667 3131 in
693 3067 856 3152 Angliam,
871 3075 950 3131 tunc
974 3065 1186 3150 compatriota
1212 3085 1292 3128 suus
1315 3065 1369 3149 qui
1390 3065 1425 3130 in

277 3171 428 3257 Angliam
442 3171 578 3250 venerit,
593 3169 772 3257 predictam
784 3189 902 3253 penam
917 3190 977 3252 pro
993 3189 1031 3232 eo
1046 3165 1201 3252 portabit.

322 3276 369 3340 Et
383 3274 561 3352 sciendum,
577 3274 666 3359 quod
693 3271 806 3337 catalla
830 3293 893 3357 que
928 3271 1073 3356 predicta
1089 3269 1266 3334 Comitissa
1288 3267 1428 3355 ceperat,

279 3377 462 3464 appreciata
497 3377 630 3442 fuerunt
655 3376 827 3462 plusquam
853 3374 895 3438 ad
932 3371 1142 3458 quadraginta
1178 3371 1268 3436 mille
1303 3393 1430 3437 mareas

278 3481 516 3566 sterlingorum.

323 3583 399 3647 Hoc
421 3603 508 3647 anno
537 3580 655 3646 iterum
691 3579 813 3644 electus
843 3586 894 3642 est
928 3577 1099 3642 Johannes
1134 3575 1280 3640 Addrien
1319 3577 1429 3642 Maior

277 3685 312 3749 in
326 3686 411 3749 festo
424 3682 566 3749 Simonis
590 3692 625 3747 et
645 3681 669 3746 J
671 3679 745 3760 ude,
759 3687 803 3758 et,
818 3679 963 3744 Domino
980 3679 1068 3763 Rege
1083 3698 1150 3741 non
1166 3677 1325 3742 existente
1340 3680 1428 3765 apud

277 3785 619 3864 westmonasterium,
642 3791 848 3869 presentatus
863 3781 926 3844 fuit
950 3778 1133 3844 Beronibus
1153 3777 1195 3842 de
1220 3778 1367 3844 Scacario
1394 3790 1427 3844 et

278 3888 450 3953 admissus.
495 3888 541 3952 Et
569 3889 686 3952 iterum
716 3895 793 3971 post
816 3885 993 3949 adventum
1020 3881 1117 3967 Regis
1147 3881 1252 3946 eidem
1282 3882 1428 3946 Domino

279 3988 360 4072 Regi
388 3998 593 4071 presentatus
623 3996 657 4052 et
680 3987 853 4067 admissus,
881 3985 1042 4063 videlicet,
1071 3984 1123 4048 die
1155 3982 1249 4048 Jovis
1278 3983 1428 4067 proximo

277 4099 355 4174 post
392 4089 610 4174 Epiphaniam
643 4088 790 4168 Domini,
836 4097 935 4173 prout
971 4085 1091 4150 debent
1126 4105 1184 4167 per
1221 4083 1352 4148 Carturn
1386 4085 1427 4148 de

277 4189 452 4254 Maioratu.
