3920 5022
541 604 799 651 vicecourruu
817 603 1103 650 connominari.
1355 585 1394 643 18

248 764 282 820 et
296 755 360 820 hoc
373 755 437 821 luit
461 765 574 821 contra
596 756 761 823 libertates
785 765 819 820 et
844 754 1097 821 consuetudines
1121 751 1283 830 Civitatis,
1307 752 1396 816 unde

250 857 422 943 Magnetes
439 857 599 939 Civitatis,
614 881 767 924 unacum
788 858 915 924 Maiore
938 877 1009 936 suc,
1032 856 1129 921 Petro
1151 855 1218 919 filio
1233 853 1340 933 Alani,
1363 861 1397 919 et

249 959 457 1024 multitudine
488 958 631 1040 Civium,
655 961 690 1026 in
715 962 867 1027 Crastino
891 960 1040 1026 adierunt
1074 957 1255 1023 Prioratum
1285 955 1397 1022 Sancti

248 1060 481 1143 Bartholomei,
497 1073 667 1130 monentes
690 1064 833 1130 Priorem
855 1074 889 1130 et
912 1062 1094 1129 Canonicos
1109 1061 1256 1147 ejusdem
1270 1060 1344 1140 loci,
1359 1068 1398 1124 ut

248 1167 527 1250 presumptionem
552 1167 640 1232 illam
666 1169 888 1246 emendarent,
913 1177 947 1232 et
966 1167 1007 1231 ab
1028 1166 1084 1231 illa
1105 1164 1317 1242 desisterent3
1341 1163 1398 1246 qui

247 1264 462 1334 incontinenti
478 1291 513 1335 se
526 1279 741 1351 retraxerunt,
756 1280 791 1337 et
800 1271 925 1336 editum
939 1270 1002 1333 fuit
1015 1290 1073 1354 per
1088 1268 1248 1332 Maiorem
1264 1275 1298 1330 et
1311 1265 1398 1329 vice-

152 1411 158 1420 ·
249 1371 384 1437 comites
400 1372 657 1452 Londoniarum,
671 1374 760 1459 quod
782 1373 888 1438 omnis
911 1373 1011 1438 homo
1035 1371 1069 1435 in
1088 1371 1160 1435 loro
1185 1369 1242 1434 illo
1266 1366 1398 1445 vendat,

145 1505 169 1526 .·
248 1483 335 1539 emat
364 1485 398 1539 et
426 1474 596 1559 ponderat,
619 1474 704 1541 sicut
731 1487 826 1540 antea
851 1483 1102 1541 consueverunt.
1157 1472 1285 1538 Eodem
1311 1490 1398 1533 anno

249 1576 331 1642 obiit
346 1578 505 1642 liedulfus
522 1577 631 1665 Eswy,
647 1580 787 1655 Mercer,
800 1579 835 1643 in
849 1580 934 1644 festo
951 1576 1071 1642 Cosme
1087 1585 1121 1641 et
1134 1573 1298 1641 Damiani.

336 1679 533 1744 Willielmus
547 1683 642 1768 Vyel.

318 1791 321 1798 ’
338 1781 424 1847 Item
433 1782 612 1849 Nicholaus
625 1785 698 1849 But.

294 1885 369 1950 Hoc
395 1909 482 1952 anno
505 1888 540 1952 in
566 1888 774 1953 translatione
794 1887 906 1954 Sancti
925 1887 1075 1954 Edwardi
1101 1887 1198 1972 Regis
1213 1895 1248 1951 et
1263 1885 1399 1951 Confes-

251 1987 332 2052 soris
348 1989 453 2054 delata
467 2000 519 2055 est
532 1990 671 2077 quedam
687 2013 761 2077 pars
776 1991 898 2058 cruoris
913 1991 1050 2056 Domini
1063 1991 1168 2056 nostri
1181 1990 1265 2056 Jesu
1287 1988 1401 2055 Christ

250 2091 337 2175 apud
352 2092 553 2174 Londonias‚
574 2095 706 2159 missas
726 2095 909 2159 Patriarcha
931 2094 1129 2180 lerosolyme
1144 2093 1289 2158 Domino
1306 2092 1399 2177 Regi,

250 2213 312 2277 que
327 2196 483 2261 remansit
497 2197 584 2282 apud
602 2197 940 2263 westmonasterium.
985 2195 1112 2262 Eodem
1128 2217 1214 2262 anno
1229 2201 1333 2260 lactus
1348 2205 1400 2260 est

250 2296 359 2362 Maior
372 2298 491 2363 iterum
506 2300 650 2365 Michael
671 2301 798 2387 Thovy,
821 2309 856 2365 et
880 2301 1023 2366 edictum
1044 2301 1108 2365 fuit
1129 2321 1189 2385 per
1210 2309 1399 2386 preceptum

248 2399 385 2465 Domini
410 2401 518 2486 Regis,
545 2403 633 2487 quod
659 2403 687 2467 si
713 2404 827 2488 aliquis
854 2403 1004 2469 denarius
1028 2403 1096 2470 sive
1116 2403 1233 2468 obolus
1248 2412 1399 2468 retonsus

247 2500 400 2568 inventus
422 2504 540 2570 luisset
553 2506 698 2591 prolatus
713 2507 755 2570 ad
777 2507 898 2592 aliquid
913 2507 1100 2586 emendum,
1123 2506 1234 2570 statim
1258 2507 1400 2590 perfora·

247 2617 347 2671 retur.
391 2606 484 2672 Tunc
509 2609 644 2673 omnino
669 2619 776 2674 create
796 2619 848 2674 est
868 2633 953 2675 nova
973 2617 1116 2689 moneta,
1139 2609 1272 2688 scilicet,
1288 2610 1398 2673 statim

247 2719 326 2793 post
339 2711 459 2775 festum
476 2711 635 2775 Omnium
651 2712 855 2776 Sanctorum.
900 2714 1027 2777 Eodem
1051 2732 1149 2789 anno,
1165 2712 1217 2775 die
1231 2711 1308 2775 lune
1322 2720 1399 2797 post

248 2811 302 2875 Ad
317 2811 445 2877 vincula
461 2813 572 2878 Sancti
588 2813 686 2892 Petri,
701 2813 838 2877 accessit
848 2813 1011 2877 Henricus
1027 2813 1067 2875 de
1081 2809 1139 2888 Be,
1152 2810 1364 2890 Justitiarius,
1380 2834 1399 2876 a

249 2911 394 2978 Domino
415 2914 503 2998 Rege
526 2913 675 2992 emissus,
690 2912 777 2997 apud
801 2914 956 2978 Sanctum
981 2911 1164 2976 Martinum
1183 2911 1343 2994 Magnum
1358 2913 1400 2976 ad

250 3013 447 3079 audiendum
470 3015 652 3094 recordum,
673 3016 760 3099 quod
776 3014 886 3078 datum
902 3014 965 3078 fuit
978 3036 1036 3100 per
1058 3013 1293 3098 querimoniam
1309 3015 1400 3079 Mar-

249 3114 335 3198 gerie
361 3115 455 3201 Vyel,
476 3115 528 3181 die
551 3115 628 3181 lune
645 3126 722 3201 post
738 3116 910 3202 Holreday,
933 3138 1019 3181 anno
1043 3114 1240 3202 precedenti,
1256 3115 1340 3181 sicut
1365 3116 1399 3181 in

248 3216 313 3280 hoc
326 3217 434 3281 rotulo
452 3229 642 3302 prenotatur
650 3245 661 3300 3
684 3219 800 3304 dequo
811 3219 936 3305 judicio
951 3219 1038 3284 dicte
1049 3218 1210 3304 Margaria
1221 3229 1399 3304 conquesta

248 3318 312 3382 fuit
325 3319 470 3385 Domino
486 3321 575 3407 Regi,
590 3330 624 3386 et
637 3322 805 3386 invenerat
815 3323 939 3408 plegios
954 3321 1215 3408 adprobandum
1230 3321 1310 3385 illud
1325 3344 1397 3388 esse

249 3419 378 3485 falsum.
405 3422 502 3488 Unde
514 3424 782 3490 convenientibus
793 3424 914 3491 ibidem
924 3425 1051 3490 Maiore
1066 3433 1100 3490 et
1110 3424 1246 3504 civibus,
1255 3425 1398 3510 perlecto

247 3523 303 3588 illo
326 3525 470 3605 recordo,
491 3536 525 3592 et
544 3527 703 3592 universis
728 3526 882 3592 brevibus
902 3528 1039 3593 Domini
1064 3527 1172 3613 Regis,
1199 3529 1285 3613 quod
1314 3529 1399 3594 dicta

249 3628 426 3714 Margarita
451 3629 689 3715 impetraverat,
717 3630 810 3696 lectis
839 3641 873 3695 et
901 3631 1031 3710 auditis,
1062 3630 1145 3695 dixit
1182 3631 1396 3712 Justitiarius,

249 3733 271 3768 “
285 3731 357 3816 Ego
375 3753 442 3798 non
458 3731 531 3797 dico
542 3733 629 3817 quod
640 3733 800 3819 judicium
811 3733 914 3798 istum
932 3733 975 3798 sit
989 3733 1118 3813 falsum,
1134 3735 1191 3799 sed
1206 3733 1321 3799 debilis
1347 3744 1399 3800 est

248 3854 420 3916 processus
434 3835 531 3916 illias,
547 3857 620 3900 eum
632 3836 722 3900 nulla
736 3835 776 3900 fit
787 3836 908 3901 mentio
919 3837 954 3900 in
969 3836 1102 3901 recordo
1117 3836 1181 3902 isto
1197 3837 1237 3902 de
1253 3859 1398 3902 summo-

249 3934 373 4000 nitione
388 3937 642 4004 adversariorum
657 3940 742 4005 dicte
762 3939 934 4024 Margarie,
955 3949 990 4005 et
1015 3962 1089 4005 cum
1116 3939 1284 4004 Johannes
1304 3940 1399 4026 Vyel,

248 4035 298 4100 vir
311 4037 408 4117 illius,
422 4041 501 4107 feeit
515 4049 759 4121 testamentum,
773 4063 840 4107 non
855 4040 1038 4126 pertinebat
1052 4042 1094 4106 ad
1108 4050 1250 4106 vestram
1265 4041 1398 4106 Curiam

249 4139 313 4204 tale
322 4141 478 4226 placitum
487 4144 691 4209 terminare.''
708 4144 806 4210 Cives
820 4144 1065 4229 responderunt,
1080 4144 1185 4210 “Non
1196 4145 1399 4210 luitneeesse
