3930 5088
579 509 642 570 rto
934 521 1095 568 cncnrca
1119 519 1296 568 uarosnrs
1321 521 1366 566 ιτ

578 673 664 740 cum
679 674 857 741 Comitisss
871 673 1022 740 Flsndrie
1036 681 1071 740 et
1085 673 1136 738 sni
1155 671 1251 738 nobis
1265 681 1300 738 st
1313 672 1435 738 nostris
1448 671 1582 757 injurius
1596 681 1631 737 et
1652 693 1725 758 grs-

575 777 706 842 ramina
733 777 861 842 diversa
883 776 917 841 in
941 785 1026 842 terra
1048 785 1083 840 et
1104 783 1267 860 potestate
1293 797 1352 838 sua
1388 773 1568 852 intulerint,
1590 785 1725 860 propter

576 877 665 963 quod
683 879 837 944 nolumus
860 877 949 965 qnod
968 879 1032 964 ipsi
1050 877 1186 942 ulterius
1207 877 1243 942 in
1263 899 1398 961 regnum
1417 886 1567 942 nostrum
1580 877 1723 954 veniant,

575 991 634 1046 sut
661 981 696 1046 irr
726 981 841 1048 codem
875 990 1054 1062 morentur,
1083 1003 1142 1045 seu
1171 979 1379 1045 mercimonia
1406 979 1460 1044 vel
1487 978 1723 1064 negotiationes

575 1083 697 1150 ibidem
708 1093 891 1164 exerceant,
906 1083 999 1150 robis
1021 1083 1230 1170 precipimus,
1245 1082 1380 1147 firmiter
1403 1082 1621 1168 injungentes,
1636 1081 1723 1166 quod

576 1185 611 1249 in
632 1185 806 1252 Civitatate
829 1196 940 1251 nostre
964 1186 1209 1251 londoniarum
1232 1183 1361 1270 publice
1384 1185 1575 1270 proclamari
1588 1183 1723 1262 iaciatin

575 1289 706 1374 nequis
720 1311 833 1354 eorum
849 1288 911 1354 sub
925 1287 1129 1355 forisfacmm
1143 1289 1193 1352 sui
1215 1297 1250 1353 et
1270 1287 1431 1352 bonorum
1450 1309 1585 1352 suorum
1605 1297 1722 1351 terrem

576 1399 721 1456 nostram
750 1391 874 1476 ingredi
902 1399 960 1454 aut
984 1389 1105 1454 ibidem
1135 1409 1259 1453 moram
1295 1397 1480 1474 presumat;
1517 1397 1551 1452 ct
1580 1387 1608 1452 si
1640 1389 1724 1452 sorte

577 1492 737 1578 aliquibus
751 1492 900 1578 personis
913 1489 1128 1577 singularibus
1151 1490 1329 1556 aDomino
1346 1489 1489 1554 Henrico
1513 1489 1612 1574 Rege,
1631 1501 1723 1574 patre

577 1605 702 1675 nostro,
716 1617 775 1660 seu
803 1595 874 1660 aliis
899 1593 1158 1660 antecessoribus
1182 1593 1301 1660 nostris
1328 1592 1508 1679 specialiter
1530 1613 1722 1658 concessum

576 1697 684 1777 tuerit,
697 1705 736 1762 ut
755 1697 790 1761 in
804 1705 923 1762 terrum
937 1707 1082 1761 nostram
1101 1696 1224 1775 venire,
1237 1695 1358 1760 ibidem
1381 1693 1510 1773 morari,
1531 1703 1565 1758 et
1579 1716 1723 1760 mertun-

577 1799 646 1864 dins
669 1821 745 1864 suas
765 1819 913 1864 exercere
936 1799 1076 1886 possint,
1095 1798 1225 1864 clamari
1250 1797 1386 1877 faciatis,
1410 1797 1499 1881 quod
1524 1797 1722 1862 mercandias

577 1923 652 1966 sues
666 1911 701 1968 ct
711 1901 820 1967 debita
833 1925 893 1968 sua
901 1902 981 1968 citra
992 1904 1111 1968 festum
1127 1902 1254 1967 Natalia
1267 1902 1399 1967 Domini
1412 1902 1562 1988 proximo
1576 1903 1722 1966 futurum

575 2003 773 2088 recolligant,
798 2012 833 2068 et
849 2013 929 2068 tunc
943 2004 984 2068 sd
1003 2003 1155 2069 ultimum
1176 2025 1195 2068 n
1217 2024 1317 2089 regno
1332 2013 1445 2068 nostro
1459 2013 1586 2083 exeant,
1600 2003 1722 2069 ibidem

574 2105 720 2186 ulterius,
758 2104 819 2170 snb
860 2105 1062 2172 forisfactura
1102 2105 1273 2185 consimili,
1308 2125 1510 2191 nequaquam
1553 2107 1722 2172 mvemuri.

574 2208 699 2272 Datum
720 2228 780 2292 per
804 2229 939 2272 manum
968 2207 1106 2274 Walteri
1135 2209 1176 2274 de
1205 2209 1369 2287 Mertona,
1394 2207 1583 2272 cancellarii
1607 2209 1722 2288 nostri,

574 2308 662 2393 npud
687 2309 844 2374 Sanctum
868 2308 1049 2374 Martinam
1070 2310 1241 2394 Magnum,
1267 2309 1460 2390 Londoniis,
1480 2309 1547 2376 viii.
1569 2310 1621 2376 die
1641 2310 1722 2396 Sep-

575 2409 709 2474 tembris
724 2431 810 2474 anno
825 2408 915 2495 regni
929 2409 1033 2474 nostri
1046 2410 1163 2495 primo.

356 2527 528 2576 noemmin
620 2511 696 2576 Hoc
710 2531 797 2575 anno
819 2509 1093 2596 Archiepiscopus
1109 2510 1295 2592 cantuarie,
1318 2512 1374 2598 qui
1393 2534 1497 2598 nuper
1517 2523 1722 2580 consecratus

353 2593 557 2718 ᾘέᾗζζῖγζ
575 2613 648 2694 luit,
662 2613 876 2680 intronizatus
887 2623 938 2680 est
951 2625 986 2680 et
999 2615 1127 2700 positus
1150 2615 1185 2679 in
1207 2615 1358 2680 cathedra
1382 2617 1655 2704 archiepiscopali,
1670 2619 1722 2684 die

354 2720 422 2769 Μ’·
576 2716 687 2784 Sancti
710 2717 889 2798 lamberti,
912 2727 991 2784 tunc
1009 2718 1167 2805 temporis
1191 2718 1243 2784 die
1269 2718 1464 2799 Dominica3
1486 2721 1618 2805 quodie
1640 2722 1721 2807 ipse,

574 2818 708 2884 indutus
720 2819 888 2906 palliolum
898 2841 1004 2900 suum,
1016 2817 1227 2906 solempniter
1238 2819 1348 2884 divina
1362 2819 1545 2902 celebravit,
1560 2831 1595 2887 et
1607 2825 1721 2888 codem

574 2921 626 2987 die
640 2922 747 2988 tenuit
771 2923 946 2987 maximam
960 2931 995 2988 et
1008 2921 1244 2988 nobilissimam
1258 2923 1380 2988 curiam
1403 2923 1444 2988 de
1464 2925 1576 2990 multis
1590 2926 1721 3012 prelatis

574 3030 608 3087 et
628 3019 805 3086 baronibus
819 3021 945 3106 Anglic.

353 3141 462 3190 mon
474 3145 545 3206 npe-
617 3123 711 3187 'lunc
722 3122 880 3207 temporis
908 3122 991 3188 obiit
1006 3124 1169 3190 Henricus
1189 3127 1230 3192 de
1253 3126 1464 3215 Sandcwyco,
1477 3129 1723 3196 Londoniarum

350 3205 534 3316 ffifflf'
575 3224 773 3309 Episcopus,
788 3224 821 3288 in
849 3225 992 3309 quodam
1006 3229 1149 3294 manerio
1174 3252 1234 3296 suo
1257 3231 1345 3315 quod
1358 3241 1494 3297 vocatur
1511 3232 1642 3314 Orsete,
1656 3233 1721 3298 dis-

345 3357 386 3416 s,
399 3355 445 3406 137
458 3363 489 3406 vt
574 3336 648 3392 tans
672 3349 691 3391 a
717 3327 898 3394 Londoniis
923 3351 982 3415 per
1004 3331 1094 3417 xviij.
1112 3332 1262 3414 leuccs3l
1274 3334 1367 3419 cujus
1397 3357 1515 3422 corpus
1538 3338 1651 3403 dutum
1670 3347 1723 3402 est

572 3428 737 3513 sepulture
762 3429 806 3494 ix.
835 3429 989 3497 kalendas
1017 3433 1184 3514 Octobris,
1211 3435 1258 3516 (in
1273 3433 1426 3501 Crastino
1453 3437 1564 3503 Sancti
1594 3439 1721 3504 Mathai

570 3531 743 3616 Apostoli,)
761 3532 795 3595 in
819 3533 965 3599 Ecclesia
988 3535 1098 3601 Sancti
1122 3537 1214 3600 Pauli
1239 3538 1494 3618 Londoniarum,
1509 3543 1623 3604 eodem
1638 3541 1723 3622 loco,

572 3631 660 3719 qnod
675 3633 745 3719 ipse
756 3634 906 3719 elegerat,
922 3636 974 3700 die
989 3657 1054 3721 quo
1069 3638 1284 3704 intronizatus
1298 3640 1371 3720 fuit,
1388 3640 1415 3703 si
1426 3639 1562 3706 obiisset
1574 3641 1609 3706 in
1620 3664 1720 3728 regno

571 3743 699 3831 Anglie.

348 3897 422 3944 Asso
433 3895 533 3944 Domini
659 3847 774 3912 Petrus
791 3845 905 3913 Corin.

347 3959 559 4010 rraoonrrcr-
659 3949 821 4017 Robertus
837 3951 877 4017 de
893 3950 1117 4018 Meldebunre.

347 4024 542 4164 ᾏἭξᾞ
616 4055 676 4122 isti
698 4057 792 4124 electi
812 4059 945 4123 fuerunt
960 4057 1175 4125 vicecomites
1191 4060 1243 4127 dic
1259 4063 1353 4131 Lune
1375 4073 1450 4132 ante
1473 4068 1593 4134 festum
1610 4068 1719 4135 Sancti

412 4168 432 4200 ⁰.

344 4167 409 4214 PM
