3920 5022
420 895 485 970 DE
520 888 766 980 ANTIQUIS
801 883 1021 964 LEGIBUS
1056 881 1224 959 LIBER.

681 1253 964 1334 CRONICA

251 1463 633 1557 MAIORUM
679 1461 771 1552 ET
814 1445 1395 1554 VICECOMITUM

619 1659 1030 1772 LoNDONIARUM,

365 1866 406 1914 m·
423 1865 576 1927 QUEDAM,
593 1867 662 1925 Qun
679 1863 941 1914 OONTINGEBANT
957 1855 1172 1908 TEMPORIBUS
1190 1853 1284 1902 mus.

647 2017 690 2064 Fa.
703 2014 743 2075 63,
754 2015 774 2064 ὸ.
786 2013 813 2060 in
824 2011 899 2075 capite
905 2010 1002 2074 paqine.

593 2259 788 2267 ——-—-———-—
795 2259 813 2264 -
818 2257 1086 2266 0—-—-—--——-————

339 2450 499 2516 Henricus
515 2447 555 2513 dc
571 2447 754 2514 Corcnhell.

337 2553 494 2618 Ricardus
508 2550 595 2615 filius
610 2551 774 2637 Rcynerii.

293 2657 356 2722 Isti
369 2658 501 2722 fuerunt
515 2654 612 2740 primi
626 2653 842 2718 vicecomites
858 2653 1113 2738 Londoniarum,
1128 2660 1206 2725 facti
1221 2661 1260 2725 ad
1277 2661 1397 2726 festum

250 2759 361 2825 Sancti
374 2757 554 2835 Michaelis,
564 2776 649 2819 anno
660 2755 761 2840 gratie
773 2756 839 2820 ΜΟ.
849 2759 1027 2823 centesimo
1037 2761 1181 2841 lxxxviii,
1196 2785 1282 2828 anno
1291 2765 1397 2848 primo

250 2862 339 2947 regni
360 2861 459 2946 Regis
484 2857 613 2922 Ricardi
625 2881 634 2935 ;
657 2867 691 2921 ct
705 2856 820 2920 eodem
844 2879 929 2922 anno
954 2859 1109 2924 destructi
1134 2873 1211 2926 sunt
1225 2864 1324 2928 Judci
1339 2888 1398 2950 per

249 2964 411 3049 Angliam.
454 2960 581 3025 Eodem
597 2981 683 3023 anno
704 2959 809 3022 factus
824 2967 875 3022 cst
901 2960 1063 3025 Henricus
1087 2961 1172 3026 filius
1195 2964 1335 3050 Eylwini
1357 2966 1397 3032 dc

250 3065 526 3142 Londcne-stanc,
542 3059 650 3125 Maior
666 3060 929 3140 Londoniarum3
954 3063 1009 3146 qui
1024 3064 1086 3128 fuit
1100 3065 1224 3150 primus
1240 3065 1349 3131 Maior
1363 3067 1397 3131 in
1410 3066 1512 3179 mv:
1519 3066 1604 3143 isaim

253 3166 404 3245 civitate,
420 3175 453 3230 et
468 3164 596 3229 duravit
610 3162 771 3227 Maiorem
793 3185 896 3248 usque
919 3164 959 3229 ad
981 3164 1079 3229 finem
1095 3167 1161 3232 vite
1185 3189 1253 3248 suc,
1276 3168 1398 3235 scilicet
1512 3149 1602 3182 'mm'

250 3269 317 3334 iere
332 3289 390 3353 per
403 3267 518 3352 viginti
537 3267 680 3352 quinque
695 3288 807 3331 annos.
853 3266 900 3331 Et
920 3268 1034 3332 eodem
1050 3291 1135 3334 anno
1157 3270 1244 3336 idem
1267 3272 1349 3353 Rex,
1365 3277 1417 3337 ct'
1541 3256 1543 3262 ¹

252 3368 433 3454 Philippus,
458 3369 530 3432 Rex
555 3368 699 3448 Francie,
714 3367 854 3454 aggressi
879 3378 956 3433 sunt
976 3391 1088 3435 versus
1108 3371 1337 3438 Jerosolimam
1365 3385 1398 3440 et

249 3468 494 3535 innumerabilis
508 3470 650 3554 populus
666 3491 760 3535 cruce
775 3469 974 3556 signatorum
989 3494 1063 3536 cum
1079 3473 1136 3538 cis.

337 3571 507 3636 Johannes
524 3571 692 3636 Herlisun.

336 3675 482 3760 Rogems
497 3675 528 3740 le
543 3675 629 3740 Duc.

336 3777 533 3843 Willielmus
548 3777 588 3842 dc
605 3778 779 3844 Haverillc

338 3877 361 3943 J
362 3879 507 3944 ohannes
523 3879 696 3947 Bokointe.

337 3978 516 4044 Nicholcus
532 3981 652 4046 Dukct.

338 4079 455 4145 Petrus
470 4081 631 4147 Nevelun.

295 4203 409 4246 cmc.
426 4203 500 4247 soc.
