3930 5088
566 585 628 644 108
935 599 1097 644 cadurca
1120 599 1296 644 unronmr
1321 599 1367 642 sn

345 763 469 811 umato
479 764 507 810 ta
654 748 716 814 Isti
729 760 954 814 remanserunt
964 748 1082 815 Balliri
1095 750 1129 814 in
1137 749 1241 815 forms
1249 757 1419 835 prenotata
1432 755 1467 812 et
1475 745 1545 811 sine
1555 743 1712 810 electione

345 828 553 955 mmm·
568 849 697 916 Civium
712 860 746 916 et
760 851 829 915 sine
843 862 996 937 precepto
1007 851 1142 916 Domini
1154 851 1262 936 Regis.

611 952 686 1017 Hoc
708 973 806 1031 anno,
820 975 894 1017 cum
917 953 1103 1018 universum
1123 952 1313 1038 bamagium
1332 951 1422 1038 regni
1435 949 1553 1036 Anglie
1566 969 1626 1034 per
1639 967 1713 1032 pre-

567 1065 697 1140 ceptum
722 1054 859 1119 Domini
885 1055 983 1140 Regis
1006 1056 1174 1121 venissent
1199 1055 1379 1121 Londoniis
1403 1055 1446 1118 ad
1473 1053 1713 1140 parlamentum

567 1177 665 1241 super
679 1165 800 1220 statum
823 1156 914 1240 regni
935 1155 1056 1222 ibidem
1079 1157 1276 1236 habendum,
1289 1167 1369 1222 timo
1383 1155 1474 1220 venit
1494 1153 1541 1218 ibi
1555 1151 1715 1236 Magister

568 1258 732 1323 Walterus
747 1257 925 1338 Giffnrdua,
944 1259 1217 1346 Archiepiscopus
1238 1260 1397 1339 Eborum,
1412 1257 1468 1342 qui
1483 1265 1595 1322 contra
1610 1251 1714 1337 digni-

567 1371 668 1426 tatem
685 1360 926 1426 cantuariensis
947 1361 1192 1447 Archiepiscopi
1211 1363 1246 1426 in
1266 1361 1387 1427 diocesi
1404 1383 1474 1439 sua,
1487 1359 1565 1424 fecit
1584 1365 1714 1442 portare

568 1484 695 1528 crucem
710 1471 785 1526 ante
805 1483 840 1526 se
851 1465 865 1543 ς’
884 1483 946 1548 que
967 1463 1117 1528 Diocesis
1138 1463 1233 1528 durat
1245 1484 1305 1548 per
1318 1462 1428 1527 omnis
1440 1462 1512 1526 locs
1525 1482 1545 1524 a
1558 1458 1658 1523 fluvio
1673 1455 1714 1520 de

569 1561 719 1627 Humbre
733 1583 836 1648 usque
851 1583 939 1628 mare
953 1583 1067 1627 versus
1081 1573 1237 1629 austrum.
1281 1563 1336 1629 Ob
1352 1585 1448 1648 quam
1463 1582 1593 1626 musam
1607 1557 1714 1622 dictus

567 1665 840 1751 Archiepiscopus
856 1665 1029 1731 Cantuarie
1050 1665 1219 1732 interdixit
1233 1666 1407 1732 Civitatem
1422 1661 1666 1730 Londoniarum
1681 1667 1716 1724 et

568 1766 666 1830 etiam
681 1776 772 1831 extra
790 1764 964 1831 Civitatem
980 1788 1039 1851 per
1058 1768 1199 1852 spatium
1220 1768 1356 1832 duarum
1364 1773 1378 1848 Ι
1391 1767 1556 1833 leucarum
1569 1761 1715 1829 exomni

568 1877 660 1953 perte
675 1865 836 1946 Civitatis,
861 1867 908 1932 ita
929 1868 1018 1954 quod
1039 1869 1167 1933 nullum
1188 1869 1334 1934 divinum
1355 1869 1497 1934 officium
1519 1865 1716 1933 celebratum

568 1970 641 2049 fuit,
665 1967 729 2033 nisi
754 1968 817 2033 sub
843 1969 990 2050 silenti03
1013 1980 1047 2036 et
1068 1971 1157 2036 nuile
1180 1993 1335 2056 campane
1355 1970 1483 2056 pulsate
1496 1970 1638 2047 fuerunt,
1652 1965 1716 2030 nisi

570 2071 797 2137 tantummodo
825 2072 861 2136 in
887 2073 1040 2139 Civitate.
1095 2072 1167 2139 Nec
1195 2083 1316 2152 tamen,
1345 2082 1479 2159 propter
1506 2073 1581 2151 hoo,
1609 2069 1716 2134 dietus

568 2173 784 2239 Eboracensis
798 2175 904 2240 noluit
929 2198 964 2241 se
988 2175 1195 2255 subnshere3
1217 2184 1268 2241 set
1292 2196 1350 2261 per
1366 2173 1557 2260 superbiam
1580 2170 1719 2238 etelati·

568 2297 665 2340 onem
692 2284 804 2340 contra
817 2275 999 2342 libertatem
1014 2286 1049 2341 et
1063 2276 1253 2361 dignitatem
1272 2275 1405 2340 ecclesie
1420 2274 1604 2351 cantuarie,
1619 2293 1716 2357 quam

569 2376 624 2444 diu
650 2377 714 2441 fuit
737 2377 772 2440 in
797 2378 944 2461 pertibus
967 2378 1044 2456 illis,
1067 2377 1146 2443 fecit
1161 2377 1250 2441 illam
1270 2397 1398 2442 crucem
1420 2385 1495 2440 ante
1520 2396 1555 2438 sc
1577 2381 1716 2459 portare.

569 2478 695 2542 Eodem
711 2476 788 2540 fecit
801 2487 878 2561 post
891 2478 1012 2543 festum
1025 2477 1135 2543 Sancti
1151 2477 1289 2542 Hillarii.

447 2662 452 2675 Ι
615 2579 690 2644 Hoc
704 2599 789 2642 enno
804 2579 867 2645 iuit
880 2600 996 2666 yemps
1010 2580 1161 2660 maxima,
1170 2590 1205 2646 et
1214 2601 1368 2666 magnum
1377 2578 1453 2665 gelu
1466 2577 1623 2664 incipiens
1637 2577 1718 2641 citra

570 2682 690 2746 festum
713 2679 825 2745 Sancti
840 2681 971 2748 Andree
985 2683 1149 2768 Apostoli,
1163 2692 1197 2748 et
1211 2681 1338 2746 durant
1348 2681 1414 2747 iare
1428 2680 1587 2767 usquead
1602 2677 1718 2745 Purifi-

571 2785 730 2850 cationem
746 2783 842 2849 beate
858 2784 963 2850 Marie
973 2785 1126 2871 Virginis.

378 2953 389 2984 e
449 2935 494 2982 M·
616 2889 692 2953 Hoc
716 2909 803 2952 anno
829 2889 971 2954 excrevit
992 2911 1075 2974 equa
1088 2888 1252 2954 Thamisie
1266 2887 1300 2953 in
1316 2888 1400 2955 festo
1415 2888 1527 2954 Sancti
1540 2886 1719 2967 Vincencii,

572 2989 750 3055 ascendens
775 2989 873 3055 altius
897 3013 995 3076 quem
1010 3013 1174 3076 uncquam
1193 2990 1396 3076 temporibus
1416 2991 1595 3077 aliquorum
1614 2990 1720 3056 homi·

573 3114 653 3156 num
668 3101 746 3156 tunc
760 3091 960 3171 viventium
981 3093 1028 3156 ita
1041 3092 1129 3177 quod
1150 3092 1254 3156 multa
1275 3093 1427 3171 maneria,
1443 3092 1559 3156 domus
1573 3101 1608 3157 et
1621 3091 1719 3156 etiam

574 3192 722 3257 homines
736 3190 896 3275 perillam
911 3191 1067 3256 cretinsm
1082 3190 1242 3256 submersi
1256 3202 1343 3258 sunt.

618 3295 694 3357 Hoc
714 3314 811 3372 anno,
825 3293 860 3355 in
875 3293 981 3378 prima
996 3293 1176 3378 septimana
1191 3294 1443 3380 quadragesime,
1457 3294 1591 3360 tradidit
1605 3295 1720 3360 Domi-

575 3417 637 3459 nus
664 3397 734 3460 Rex
756 3395 901 3460 Domino
926 3396 1098 3477 Edwodo,
1118 3396 1271 3477 filiosuo,
1288 3397 1461 3463 Civitatem
1477 3398 1721 3464 Londoniarum

576 3507 610 3561 et
629 3497 771 3577 Turrim,
785 3498 842 3583 qui
864 3499 974 3564 statim
998 3499 1075 3565 fecit
1097 3499 1266 3566 dominum
1290 3499 1465 3586 Hugonem
1476 3500 1579 3565 filium
1601 3500 1721 3566 Otonis

576 3599 860 3665 Constabularium
874 3603 985 3667 ‘lirrris
1000 3614 1034 3668 et
1048 3604 1228 3668 Custodem
1244 3602 1404 3668 Civitatis.

497 3762 524 3794 a-
621 3701 696 3767 Hoc
710 3723 796 3766 enno
811 3703 975 3767 Dominus
990 3703 1196 3782 Edmundus‚
1207 3703 1294 3767 filius
1309 3702 1445 3768 Domini
1460 3702 1569 3787 Regis,
1580 3701 1721 3788 despon-

370 3813 373 3822 '
492 3812 498 3886 j
523 3812 528 3821 '
578 3801 663 3867 savit
677 3802 869 3886 (Avelinam)
893 3801 994 3866 filiam
1010 3803 1147 3868 Comitis
1163 3804 1203 3867 de
1217 3801 1411 3867 Aubemarle
1432 3802 1467 3865 in
1489 3802 1622 3868 ecclesia
1643 3827 1722 3870 con-

386 3941 401 3951 ··
436 3892 452 3921 ¹⁴
466 3940 471 3951 ·
483 3891 504 3987 ξ’
576 3903 718 3968 ventuali
735 3903 1029 3983 westmonasterii,
1051 3904 1085 3968 in
1110 3904 1273 3989 presentia
1294 3903 1429 3969 Domini
1453 3905 1562 3990 Regis,
1589 3907 1721 3993 Regino,

578 4007 711 4072 Domini
727 4005 889 4086 Edwardi,
903 4005 1109 4092 primogeniti
1122 4007 1259 4094 predicti
1275 4008 1410 4075 Domini
1431 4010 1539 4098 Regis,
1554 4020 1588 4076 et
1601 4013 1721 4078 multo·
