3956 5022
545 567 586 624 94
903 584 1065 628 cnourcn
1090 585 1267 629 unionurr
1294 584 1338 627 nr

584 733 678 796 Tunc
692 733 732 796 ed
747 734 934 802 instantium
951 736 1059 821 Regis,
1076 735 1172 800 Cives
1183 736 1404 821 promiserunt
1414 734 1495 819 Regi
1504 732 1696 798 Alemannis

542 833 629 897 mille
645 856 766 899 merces
780 858 840 920 pro
856 837 1005 922 dampnis
1020 838 1088 902 suis
1104 844 1144 903 de
1161 838 1373 903 Istleworthe.

585 935 709 1000 Littere
725 937 859 1002 Domini
875 940 972 1024 Regis
988 940 1028 1003 de
1043 940 1233 1005 remissione
1248 962 1307 1025 pro
1323 939 1612 1025 perhendinatione
1628 939 1694 1004 Co·

543 1038 630 1103 mitis
647 1038 823 1104 Glovernie
837 1041 872 1104 in
889 1040 1042 1106 Ciuitate.

588 1141 703 1221 Henri,
725 1163 783 1226 par
801 1142 834 1206 la
853 1166 945 1228 grece
968 1146 1054 1224 Deu,
1080 1144 1150 1231 Rey
1166 1146 1207 1210 de
1227 1146 1411 1231 Engletere,
1428 1146 1545 1211 Senior
1559 1147 1599 1211 de
1615 1146 1694 1210 Hir·

542 1243 671 1323 leunde,
688 1245 792 1309 eDuc
808 1245 848 1309 de
863 1247 1067 1332 Aequitanie,
1082 1247 1113 1311 A
1128 1257 1178 1332 ως
1205 1269 1286 1312 ceux
1312 1270 1352 1333 qe
1367 1257 1456 1313 ceste
1469 1248 1564 1313 lettre
1579 1257 1696 1312 verunt

543 1366 587 1410 ou
617 1358 714 1412 orunt
743 1348 843 1412 solun.
899 1348 984 1414 Cum
1010 1371 1069 1434 par
1101 1349 1265 1413 encheson
1295 1351 1347 1415 del
1370 1360 1559 1416 movement
1587 1350 1628 1414 ke
1654 1351 1695 1414 de

543 1449 641 1513 nuvel
663 1449 703 1512 ed
730 1451 799 1514 este
828 1473 869 1514 en
899 1462 1010 1515 nostre
1040 1461 1107 1515 tere
1137 1452 1275 1516 eimums
1302 1459 1370 1516 este
1399 1475 1472 1518 vers
1494 1453 1525 1517 le
1548 1463 1626 1538 gent
1654 1455 1694 1518 de

544 1551 705 1631 Lundres,
714 1573 772 1637 per
786 1553 929 1618 echesuu
945 1554 985 1617 de
1000 1553 1031 1617 le
1046 1554 1179 1618 demure
1195 1553 1324 1619 Gilbert
1338 1554 1379 1618 de
1393 1554 1498 1635 Clare,
1510 1555 1638 1621 Counte
1652 1556 1694 1620 de

544 1652 736 1720 Gloucestre
751 1664 785 1721 et
800 1657 840 1720 de
856 1655 1024 1735 Hertford,
1046 1678 1087 1720 en
1108 1656 1140 1720 le
1161 1656 1235 1722 Cite
1257 1657 1431 1735 eruntdite‚
1453 1667 1487 1721 et
1509 1680 1568 1742 per
1586 1667 1694 1722 autres

543 1757 669 1837 choses,
684 1779 746 1842 que
761 1759 843 1822 fetes
860 1766 939 1822 sunt
954 1779 1016 1842 pus
1040 1757 1070 1821 le
1085 1759 1185 1842 pertir
1200 1759 1230 1824 le
1247 1758 1355 1824 Cunte
1376 1759 1416 1822 de
1432 1758 1543 1825 weles
1558 1761 1694 1845 dreyne-

543 1870 635 1923 ment
652 1882 694 1924 en
710 1870 831 1925 venant
849 1882 923 1924 veru
939 1861 970 1925 le
986 1859 1059 1925 Cite
1075 1871 1109 1924 et
1122 1883 1185 1946 pus
1199 1861 1245 1925 kil
1260 1871 1363 1941 entre,
1377 1871 1412 1926 et
1426 1883 1508 1946 pour
1523 1863 1638 1928 choses
1652 1863 1694 1927 ke

542 1962 624 2026 fetes
641 1972 717 2024 sunt
731 1984 789 2046 pur
808 1962 838 2026 le
864 1964 973 2028 Cunte
994 1974 1028 2027 et
1047 1964 1088 2027 de
1103 1985 1161 2049 par
1176 1973 1284 2029 autres
1300 1965 1340 2029 de
1360 1987 1396 2028 se
1419 1964 1532 2029 mosne
1549 1976 1583 2030 et
1603 1966 1644 2030 de
1659 1989 1695 2030 se

543 2067 716 2153 cumpenie
730 2077 764 2131 et
779 2068 819 2132 de
835 2090 871 2131 se
885 2068 1011 2147 emiste,
1027 2078 1061 2133 et
1074 2089 1133 2153 per
1148 2090 1225 2132 oeus
1246 2067 1287 2131 de
1308 2067 1459 2131 Lundres
1471 2089 1511 2132 en
1526 2068 1558 2132 lu
1573 2068 1646 2132 Cite
1661 2078 1696 2133 et

543 2169 584 2232 de
598 2170 686 2248 hors,
702 2191 742 2234 en
758 2169 864 2234 divers
880 2179 1014 2235 cuntees
1035 2181 1068 2235 et
1090 2170 1172 2255 pniis
1196 2171 1267 2234 uusi
1282 2169 1358 2233 bien
1380 2191 1439 2254 per
1453 2191 1530 2249 ewe,
1548 2192 1623 2235 cum
1637 2193 1696 2256 par

543 2277 630 2351 snus.
676 2272 737 2336 Per
758 2271 788 2336 le
810 2272 944 2338 Cunseil
966 2282 1001 2336 et
1025 2293 1083 2357 per
1103 2280 1326 2337 assentement
1340 2281 1450 2335 nostre
1472 2272 1549 2336 cher
1563 2274 1645 2338 frere
1666 2275 1695 2338 le

546 2373 634 2460 Reys
650 2375 689 2439 de
704 2374 853 2439 Alemein
869 2384 903 2438 et
915 2375 964 2439 les
981 2375 1124 2440 Cuntees
1138 2384 1173 2439 et
1186 2374 1234 2438 les
1249 2375 1377 2438 Baruns
1401 2381 1434 2436 et
1448 2372 1478 2436 le
1500 2372 1630 2437 Comun
1655 2375 1694 2438 de

542 2487 653 2543 nostre
676 2487 742 2542 tere
767 2499 863 2540 evum
887 2477 1030 2561 perdone
1053 2487 1086 2541 et
1107 2477 1225 2542 relesse
1251 2485 1342 2553 etur
1372 2494 1448 2538 oeus
1471 2475 1512 2539 de
1545 2476 1694 2540 Lundres

544 2591 614 2645 tute
630 2603 759 2646 manere
784 2581 825 2646 de
848 2581 894 2647 ire
909 2590 943 2646 et
961 2581 1002 2645 de
1027 2602 1143 2646 rencur
1163 2590 1197 2645 et
1217 2581 1257 2644 de
1280 2576 1522 2656 malevolente,
1542 2587 1577 2641 et
1598 2601 1693 2643 evum

544 2693 656 2771 grente
665 2692 698 2747 et
709 2685 802 2764 otrie,
813 2684 854 2749 ke
864 2708 883 2749 u
894 2684 1023 2749 eusmel
1033 2705 1073 2748 ne
1083 2684 1216 2769 damage
1228 2704 1269 2747 ne
1278 2703 1320 2746 ne
1328 2681 1441 2757 frome,
1452 2701 1494 2743 ne
1505 2680 1606 2744 froms
1618 2681 1696 2760 iere,

544 2808 587 2851 ne
601 2809 643 2850 ne
658 2786 798 2850 sofroms
814 2795 898 2851 estre
921 2787 977 2864 fet,
1005 2794 1039 2850 et
1065 2786 1111 2850 kil
1135 2807 1177 2850 ue
1201 2792 1314 2850 serunt
1344 2782 1505 2847 achesune
1528 2792 1562 2846 et
1582 2805 1624 2848 ne
1639 2807 1695 2849 en-

544 2889 690 2976 querelez
719 2911 781 2975 pur
809 2890 857 2953 les
879 2889 995 2955 choses
1018 2888 1212 2967 evantdites‚
1238 2885 1372 2971 forspris
1395 2884 1564 2948 moechans
1590 2885 1632 2949 ke
1654 2886 1695 2952 de

544 3015 648 3079 gnere
673 3013 714 3056 ne
731 3015 765 3056 se
781 3002 859 3057 sunt
873 2991 1038 3070 entremis,
1053 2991 1100 3055 les
1116 3012 1219 3074 queus
1233 2997 1371 3054 everunt
1392 2986 1443 3049 lur
1464 2989 1571 3052 action
1590 2988 1695 3053 solom

545 3093 587 3159 lei
601 3094 642 3157 de
657 3103 735 3172 tere,
746 3093 773 3155 si
784 3092 808 3155 il
817 3092 939 3156 volient
948 3101 1003 3156 oet
1012 3113 1087 3154 cum
1102 3089 1159 3154 iusi
1173 3116 1183 3169 ς
1206 3112 1248 3153 ne
1259 3110 1321 3174 pur
1340 3110 1415 3153 eum
1431 3089 1556 3154 endreit
1571 3090 1611 3155 de
1627 3113 1697 3172 eus,

546 3216 589 3259 ou
604 3217 677 3258 cum
694 3191 820 3255 endroit
834 3192 891 3255 des
906 3200 1044 3254 outrese
1057 3190 1092 3253 ki
1107 3211 1165 3254 eus
1180 3210 1274 3254 evera
1283 3199 1437 3274 trepesse‚
1449 3204 1542 3257 seent
1553 3202 1607 3257 tuz
1618 3215 1695 3259 oeus

546 3296 587 3359 de
602 3293 750 3359 Londres
767 3292 902 3375 quietes,
914 3301 1017 3378 quant
1042 3314 1061 3355 s
1075 3313 1138 3355 nus
1158 3301 1192 3356 et
1206 3313 1225 3355 e
1240 3313 1300 3355 nos
1311 3291 1428 3372 heines,
1440 3293 1480 3358 de
1495 3295 1593 3360 forfet
1607 3306 1640 3361 et
1655 3297 1695 3362 de

547 3398 694 3474 amende,
724 3417 742 3459 e
767 3393 809 3458 ke
834 3381 892 3480 ner
920 3393 951 3459 le
974 3393 1058 3459 suite
1085 3394 1126 3458 de
1152 3395 1361 3459 marcheuntn
1383 3396 1468 3460 n'est
1489 3397 1548 3460 nul
1576 3419 1696 3483 enque-

547 3499 630 3564 relez
645 3497 706 3562 mel
723 3521 764 3562 ne
779 3497 924 3584 damage,
940 3521 1007 3564 mes
1022 3498 1063 3562 ke
1079 3499 1126 3562 les
1141 3497 1312 3561 merchant
1335 3496 1496 3562 sulement
1508 3512 1697 3564 recoverent

547 3602 598 3666 lur
617 3601 760 3666 cheteus.
805 3600 903 3665 Estre
925 3623 972 3678 ce,
1002 3623 1065 3664 nus
1095 3600 1213 3664 voluns
1236 3608 1270 3662 et
1294 3609 1473 3682 grantoms,
1494 3599 1535 3664 ke
1557 3623 1634 3666 oeus
1656 3604 1697 3667 de

548 3705 709 3783 Lundres,
728 3704 769 3768 ke
785 3703 804 3767 ὲ
818 3703 968 3767 Lundres
983 3725 1025 3768 ne
1040 3713 1190 3789 estoyent
1212 3702 1277 3766 mie
1295 3701 1326 3766 le
1343 3701 1430 3785 jour,
1445 3721 1509 3784 que
1524 3714 1611 3767 ceste
1627 3703 1697 3788 qui·

549 3818 642 3875 tence
656 3810 692 3873 fu
718 3809 792 3886 fete,
808 3815 923 3893 seyent
937 3806 1037 3892 quite,
1051 3816 1220 3871 ensement
1245 3827 1319 3870 oum
1339 3805 1386 3870 les
1401 3815 1520 3883 autres,
1545 3805 1587 3871 ke
1609 3808 1697 3889 isint,

551 3915 585 3977 se
599 3912 623 3975 il
637 3933 678 3976 ne
698 3909 805 3974 secent
820 3910 935 3974 choses
957 3917 1070 3973 contre
1084 3917 1195 3972 nostre
1211 3927 1279 3991 pes,
1289 3917 1379 3972 entre
1399 3903 1437 3970 oe
1454 3907 1528 3987 sle,
1544 3907 1585 3974 ke
1600 3909 1623 3973 il
1636 3933 1696 3995 pu·

552 4024 625 4081 sont
639 4015 679 4079 de
694 4024 780 4078 ceste
795 4033 865 4098 pes,
886 4011 928 4076 ke
950 4012 1015 4076 sete
1030 4023 1081 4075 est
1095 4019 1179 4075 estre
1194 4011 1309 4074 atcerte.
1354 4010 1383 4073 E
1399 4032 1512 4074 uvums
1528 4023 1698 4079 ensement

551 4127 646 4204 grant
659 4126 692 4182 et
707 4115 799 4194 otrie,
814 4136 877 4201 que
892 4124 962 4179 tute
977 4114 1023 4179 les
1039 4125 1123 4179 teres
1139 4135 1158 4177 e
1182 4113 1341 4190 Lundres,
1355 4111 1396 4176 ke
1420 4121 1482 4177 unt
1501 4123 1570 4178 este
1586 4115 1696 4181 seisies
