3920 5022
552 463 807 509 vrcaoourruu
833 465 1121 513 nounouraaurr.
1209 467 1211 473 ⁴
1370 453 1408 508 61

265 620 299 675 et
322 612 469 680 similiter
493 617 637 681 Berones
652 615 778 695 eidem3
800 625 835 680 et
848 617 936 701 quod
955 618 1064 682 nullus
1079 619 1228 698 alterum,
1242 615 1414 681 occasione

264 716 507 797 premissorum,
541 718 581 783 de
608 716 726 802 quibus
751 717 786 781 in
812 740 874 783 nos
898 719 1007 785 extitit
1040 719 1323 806 compromissum,
1355 739 1415 806 per

265 837 300 880 se
330 819 382 882 vel
420 841 479 904 per
513 819 613 884 alium
653 819 695 883 de
723 827 830 884 cetero
864 841 932 885 non
974 831 1087 906 gravet
1125 822 1159 887 in
1200 821 1319 907 aliquo,
1361 819 1415 886 vel

267 917 421 984 offendat.

309 1021 428 1088 Postea
441 1022 605 1088 Dominus
621 1024 692 1088 Rex
705 1022 835 1088 rediens
851 1025 892 1090 de
911 1025 1060 1110 partibus
1085 1024 1310 1091 transmarinis
1324 1023 1415 1090 venit
1426 1041 1476 1082 aa.
1488 1035 1586 1084 abac.

268 1121 302 1185 in
317 1123 477 1210 Angliam.
1426 1101 1525 1148 Hm

310 1224 455 1292 Berones
479 1248 557 1293 vero
582 1249 651 1293 non
680 1227 861 1313 contempti
898 1227 939 1294 de
975 1229 1109 1295 arbitrio
1147 1229 1284 1316 predicti
1314 1228 1415 1315 Regis

268 1327 402 1393 Franoie
428 1331 570 1409 fuerunt,
597 1328 652 1414 qui
682 1330 792 1394 statim
818 1330 1041 1397 militaverunt
1067 1333 1103 1398 in
1130 1331 1279 1398 Matthia
1298 1331 1418 1396 Wallie

269 1449 368 1513 super
390 1431 554 1516 lingarum
569 1431 610 1496 de
628 1431 765 1495 Mortuo
784 1429 882 1511 Mari,
897 1442 931 1497 et
947 1433 1058 1498 omnia
1078 1445 1182 1499 castra
1203 1456 1262 1498 sua
1276 1443 1420 1519 proster-

269 1541 399 1610 nerent,
414 1541 448 1597 et
467 1541 569 1597 terras
589 1555 665 1597 suas
679 1533 946 1617 depredaverunt,
961 1545 996 1600 et
1014 1536 1157 1602 maneria
1170 1546 1205 1602 et
1217 1536 1310 1600 villas
1330 1557 1421 1602 com·

270 1629 466 1712 busserunt;
485 1634 526 1698 ad
548 1634 641 1717 cujus
659 1653 850 1698 succursum
870 1634 1034 1700 Dominus
1060 1635 1240 1702 Edwardus
1262 1636 1296 1701 in
1319 1657 1419 1700 manu

269 1731 376 1795 valida
395 1734 540 1814 veniens,
558 1736 624 1798 lere
647 1744 761 1818 captus
782 1735 855 1800 luit.
900 1734 946 1801 Et
970 1746 1060 1817 tunc,
1074 1739 1193 1803 iterum
1215 1746 1347 1822 captum
1369 1747 1421 1802 est

270 1833 507 1918 parlamentum
529 1836 617 1921 apud
632 1835 796 1900 Oxoniam
810 1836 896 1901 inter
913 1838 1094 1903 Dominum
1109 1839 1233 1924 Regem
1247 1847 1282 1904 et
1294 1839 1420 1924 predic-

271 1945 323 2000 tos
339 1936 494 2002 Berones.
537 1939 786 2004 Londonienses
795 1949 905 2005 autem
916 1949 949 2006 et
958 1941 1103 2006 Berones
1119 1942 1159 2006 de
1170 1941 1324 2026 Quinque
1337 1941 1418 2005 Por·

271 2037 382 2116 tubus,
396 2047 431 2103 et
452 2039 519 2105 fere
544 2041 650 2105 omnis
670 2062 844 2106 commune
864 2042 1036 2108 mediocris
1053 2043 1167 2129 populi
1188 2042 1279 2128 regni
1292 2042 1420 2127 Anglie,

273 2140 328 2225 qui
343 2161 420 2206 vero
440 2163 507 2206 non
526 2151 709 2228 posuerunt
719 2164 755 2208 se
775 2164 876 2230 super
891 2144 1015 2229 Regem
1030 2145 1176 2224 Francia,
1191 2146 1322 2230 penitus
1337 2144 1422 2210 arbi-

272 2245 372 2310 trium
387 2267 483 2310 suum
498 2247 773 2312 contradixerunt.

317 2347 416 2412 Unde
445 2348 692 2414 Londonienses
721 2351 868 2415 lecerunt
892 2349 933 2416 de
957 2371 992 2416 se
1017 2347 1098 2437 ipsis
1126 2349 1423 2430 constabularium,

272 2446 406 2528 scilicet,
421 2448 581 2513 Thomam
596 2450 637 2514 de
652 2450 886 2530 Piwelesdona,
899 2460 934 2516 et
953 2451 1194 2532 Mareseallum,
1206 2452 1339 2531 scilicet,
1349 2451 1423 2517 Ste-

273 2551 419 2636 phanum
445 2550 616 2630 Buclrerel,
634 2553 675 2616 ad
697 2574 836 2637 quorum
859 2555 1157 2635 summonitionem,
1174 2555 1284 2619 audita
1306 2575 1425 2638 magna

275 2653 364 2717 cloca
387 2652 498 2717 Sancti
524 2653 627 2732 Pauli,
644 2674 758 2718 omnes
783 2654 825 2717 de
849 2653 980 2718 civitate
1005 2655 1093 2719 exire
1112 2655 1277 2734 deberent,
1297 2664 1331 2720 et
1355 2676 1425 2719 non

274 2754 376 2833 aliter,
391 2753 510 2818 muniti
524 2763 592 2817 tam
606 2754 647 2818 de
661 2763 757 2817 nocte
772 2774 870 2837 quam
885 2753 925 2818 de
940 2752 1004 2833 die,
1017 2753 1101 2818 bene
1115 2756 1240 2832 murati,
1251 2764 1425 2840 sequentes

275 2855 393 2920 vexilla
418 2856 579 2920 dictorum
605 2852 845 2919 Constabularii
867 2863 902 2919 et
926 2855 1110 2918 Marescalli
1131 2854 1326 2940 ubicumque
1351 2855 1425 2920 illos

278 2956 394 3021 ducere
402 2955 592 3020 voluissent.
632 2955 757 3032 Postea,
774 2954 874 3040 Hugo
888 2954 919 3019 le
930 2956 1127 3038 Despenser,
1141 2954 1164 3019 J
1165 2954 1354 3035 ustitiarius‚
1369 2957 1425 3040 qui

278 3067 357 3122 tunc
371 3056 574 3123 custodiebat
587 3057 715 3122 'lbrrrim
731 3079 805 3123 cum
825 3056 1052 3122 innumerabili
1070 3057 1192 3143 populo
1215 3057 1443 3124 Londonien-¹

280 3161 375 3240 sium,
395 3159 543 3224 exierunt
569 3183 588 3225 a
611 3161 751 3240 civitate,
774 3161 940 3246 sequendo
960 3160 1078 3226 vexilla
1096 3161 1315 3246 predictorum
1338 3161 1426 3226 Con·
1438 3192 1633 3244 „mmm

280 3260 447 3326 stabularii
463 3270 497 3324 et
517 3261 711 3340 Marescslli,
725 3270 760 3326 et
780 3261 969 3327 nesciebant
982 3283 1046 3347 quo
1068 3262 1115 3326 ire
1138 3261 1303 3342 deberent,
1317 3263 1370 3327 vel
1386 3263 1428 3328 ad
1439 3262 1468 3310 ὼ
1481 3259 1630 3309 statm-

279 3363 358 3449 quid
372 3363 556 3428 faciendum
568 3389 578 3444 ;
600 3364 656 3449 qui
671 3363 761 3428 ducti
776 3374 965 3448 suntusque
977 3363 1245 3430 adYstlewortbe
1259 3373 1294 3430 et
1306 3365 1429 3431 ibidem

279 3473 525 3551 prostraverunt
547 3473 582 3529 et
603 3463 854 3529 combusserunt
874 3465 1061 3529 Monetium
1083 3464 1181 3550 Regis
1200 3466 1378 3548 Alemanie,
1396 3477 1430 3533 ct

281 3565 391 3632 omnia
404 3565 493 3631 bona
514 3565 560 3630 ibi
579 3567 711 3632 inventa
724 3566 993 3651 depredaverunt,
1008 3577 1042 3632 et
1060 3567 1246 3633 molendina
1259 3589 1296 3634 ac
1310 3569 1432 3634 visana
1449 3607 1450 3610 κ

281 3692 340 3734 sua
361 3671 526 3754 fregerunt
546 3679 581 3735 et
602 3669 862 3747 combusserunt,
881 3669 980 3734 nullis
1005 3669 1126 3754 treugis
1146 3669 1336 3750 observatis,
1351 3672 1431 3736 dum

280 3771 462 3857 predictum
477 3771 713 3855 parlamentum
735 3771 871 3838 steterit.
916 3770 962 3836 Et
974 3771 1038 3838 hoc
1052 3773 1115 3837 fuit
1127 3771 1257 3837 initium
1271 3773 1431 3854 dolorum,

281 3884 316 3938 et
331 3873 419 3957 origo
435 3873 580 3938 mortalis
602 3897 726 3959 guerre,
740 3896 800 3960 per
818 3897 915 3960 quam
930 3883 982 3940 tot
998 3875 1141 3939 maneria
1160 3875 1329 3940 combusta
1343 3887 1431 3957 sunt,

282 3985 317 4040 ct
345 3982 396 4038 tot
419 3974 580 4052 homines,
606 3976 723 4042 divites
749 3989 783 4043 et
807 3999 977 4063 pauperes,
1000 3976 1177 4062 depredati,
1202 3987 1236 4042 et
1265 3987 1317 4042 tot
1345 3979 1433 4043 mille

283 4075 433 4146 homines
448 4077 624 4161 perierunt.
