3928 5020
557 589 619 647 168
916 601 1078 647 caomca
1102 601 1277 646 unionum
1303 603 1347 645 ar

556 753 725 817 dimidium
745 752 955 838 quarterium,
970 763 1004 817 et
1017 752 1209 834 bussellum,
1234 752 1371 838 sigillata
1393 762 1445 817 est
1467 752 1572 837 sigillo
1586 754 1702 819 Aldar·

556 857 683 921 manni.

445 977 472 1024 a·
599 961 726 1024 Eodem
751 969 898 1045 tempore
923 957 999 1022 iecit
1024 959 1109 1023 idem
1140 959 1248 1023 Maior
1271 959 1413 1023 amoveri
1438 979 1458 1020 a
1486 957 1557 1022 loro
1587 979 1701 1023 omnes

372 1041 415 1150 ’ᾗ
496 1042 515 1140 ’,
556 1061 667 1126 stallos
691 1063 889 1140 carnificum,
912 1071 946 1125 et
968 1061 1178 1145 piscatorum,
1194 1073 1228 1126 et
1244 1061 1343 1126 etiam
1367 1061 1479 1125 stallos
1499 1061 1555 1146 qui
1577 1061 1703 1124 dimissi

452 1186 482 1217 m-
555 1164 687 1228 fuerunt
711 1176 746 1230 et
784 1164 930 1229 concessi
958 1185 1018 1248 per
1046 1163 1263 1229 Vicecomites
1292 1163 1503 1248 precedentes
1540 1160 1702 1247 aliquibus

553 1265 720 1331 habendos
734 1278 769 1332 et
792 1264 952 1331 tenendos
976 1265 1012 1329 in
1035 1266 1131 1331 feodo
1155 1265 1308 1330 omnibus
1323 1263 1439 1330 diebus
1454 1265 1519 1328 vite
1545 1285 1623 1342 sue;
1646 1264 1702 1349 qui

553 1367 708 1432 dederant
732 1389 792 1453 pro
812 1368 875 1432 hoc
900 1367 1156 1432 vicecomitibus
1181 1391 1330 1452 magnam
1355 1368 1537 1452 pecuniam.
1604 1367 1703 1432 Unde

552 1471 760 1535 manifestum
782 1482 843 1545 est,
869 1470 957 1554 quod
975 1470 1047 1555 ipse
1067 1470 1175 1535 Maior
1197 1470 1393 1535 dissaisiavit
1412 1469 1503 1553 ipsos
1529 1469 1570 1532 de
1598 1469 1700 1534 libero

553 1573 739 1636 tenemento
756 1593 815 1637 suo
830 1573 963 1657 injuste.
1009 1570 1086 1657 Ipse
1100 1583 1211 1637 tamen
1227 1571 1398 1637 affirmavit
1419 1571 1508 1656 quod
1529 1571 1593 1636 hoc
1615 1571 1703 1651 lecit,

551 1695 593 1736 ne
624 1674 730 1758 aliqua
759 1675 969 1740 immundicia
996 1686 1178 1741 remaneret
1205 1675 1239 1739 in
1270 1676 1340 1740 loro
1377 1683 1490 1738 eontra
1525 1675 1701 1740 adventum

551 1775 687 1840 Domini
713 1777 822 1862 Regis,
848 1779 903 1863 qui
928 1778 963 1841 in
989 1775 1079 1842 brevi
1105 1789 1262 1863 tempore,
1276 1788 1315 1842 ut
1338 1776 1518 1854 dicebatur,
1540 1790 1698 1842 venturus

550 1878 613 1942 fuit
626 1879 667 1942 de
682 1879 827 1963 partibus
838 1877 1061 1944 transmarinis
1076 1880 1111 1943 in
1127 1880 1313 1945 Civitatem.
1339 1878 1431 1943 Fecit
1445 1879 1543 1943 etiam
1558 1881 1700 1945 amoveri

550 1981 653 2045 aloro
668 1981 739 2060 alie,
755 2002 818 2066 que
841 1980 990 2048 solebant
1003 1982 1101 2046 vendi
1115 1980 1171 2060 ibi,
1186 1981 1262 2066 quia
1277 1979 1446 2046 videbatur
1466 1979 1597 2058 Maiori,
1612 1982 1699 2066 quod

549 2083 656 2148 forum
672 2084 788 2148 luisset
801 2094 995 2169 occupatum
1017 2083 1083 2147 illis
1097 2083 1316 2149 mercimoniis
1324 2108 1335 2163 3
1351 2093 1385 2149 et
1398 2082 1575 2168 assignavit
1594 2093 1632 2147 ut
1645 2083 1699 2149 ille

550 2186 760 2251 mercimonia
774 2186 992 2250 venderentur
1007 2186 1042 2248 in
1057 2185 1128 2249 aliis
1143 2183 1234 2249 locis.

594 2288 722 2366 Postea,
744 2288 779 2351 in
795 2288 934 2352 erastino
950 2287 1067 2351 Sancte
1082 2286 1261 2366 Trinitatis,
1283 2287 1489 2353 venientibus
1513 2287 1639 2352 Maiore
1665 2298 1699 2352 et

549 2388 674 2452 civibus
688 2389 723 2453 in
735 2388 944 2452 Gildhallism
959 2389 1001 2451 sd
1026 2387 1211 2451 communis
1233 2388 1352 2472 placita
1374 2391 1567 2475 placitando,
1590 2412 1698 2456 acces·

548 2501 661 2554 serunt
675 2489 805 2575 quidam
825 2491 1007 2576 piscenarii,
1021 2501 1055 2554 et
1080 2490 1231 2574 precipue
1255 2491 1301 2555 illi
1324 2493 1380 2577 qui
1402 2494 1502 2558 amoti
1527 2495 1697 2559 fuerunta

546 2591 629 2669 foi-o,
649 2593 857 2657 ostendentes
877 2592 1116 2676 conquerendo,
1135 2593 1224 2678 quod
1246 2593 1310 2678 ipsi
1329 2596 1460 2660 fuerunt
1479 2597 1633 2662 disseisiti
1656 2597 1696 2662 de

545 2693 648 2759 libero
673 2704 860 2760 tenemento
887 2716 948 2760 suo
976 2696 1011 2759 in
1039 2696 1121 2761 foro.
1182 2695 1311 2763 Quibus
1336 2718 1531 2783 responsum
1552 2699 1615 2762 luit
1639 2720 1698 2783 per

548 2794 719 2876 Maiorem,
742 2797 831 2883 quod
855 2798 918 2863 boc
941 2799 1064 2863 lectum
1089 2798 1151 2862 fuit
1165 2819 1224 2883 per
1239 2797 1422 2866 Consilium
1437 2799 1573 2866 Domini
1588 2801 1697 2885 Regis,

546 2919 588 2961 ne
602 2897 707 2983 aliqua
720 2898 927 2964 immunditia
940 2910 1122 2966 remaneret
1135 2900 1170 2963 in
1184 2902 1255 2966 loro
1273 2911 1386 2965 contra
1400 2902 1576 2968 adventum
1590 2925 1697 2973 suum.

545 3000 711 3066 Waltems
726 3023 804 3069 vero
831 3003 935 3069 Hervi
957 3004 1181 3089 queremonias
1201 3003 1420 3089 predictorum
1445 3007 1707 3091 pincenariorum.

547 3104 703 3169 sustinuit
717 3127 886 3190 proposse
910 3127 970 3169 suo
985 3116 1098 3170 contra
1122 3105 1283 3171 Maiorem
1298 3115 1333 3171 et
1346 3106 1595 3186 Aldermannos,
1610 3109 1697 3171 unde

544 3206 683 3271 verbosa
696 3207 862 3273 contentio
877 3215 948 3271 orta
963 3203 1024 3271 est'
1036 3207 1121 3271 inter
1135 3208 1258 3271 dictrum
1285 3207 1446 3272 Maiorem
1461 3218 1494 3272 et
1514 3209 1697 3293 predictum

545 3307 729 3373 Walterum
747 3329 855 3374 coram
877 3305 967 3372 omni
988 3310 1122 3395 populo.
1167 3309 1265 3374 Unde
1281 3310 1400 3388 Maior,
1409 3315 1422 3390 l
1432 3319 1541 3375 motus
1556 3311 1590 3374 in
1604 3310 1696 3390 iram,

546 3432 621 3475 cum
635 3410 829 3495 quibusdam
843 3409 1084 3477 discretioribus
1108 3410 1269 3490 Civitatis,
1292 3411 1429 3476 accessit
1453 3413 1494 3477 ad
1514 3413 1696 3479 Consilium

546 3512 683 3577 Domini
709 3513 808 3598 Regis
833 3514 920 3598 apud
947 3512 1288 3594 westmonasterium,
1318 3515 1494 3579 ostendens
1531 3514 1578 3578 eis
1608 3514 1696 3599 quod

547 3625 626 3680 tunc
640 3616 763 3680 lactum
778 3617 841 3680 luit
854 3618 888 3680 in
905 3617 1079 3682 Gildhalle.

329 3721 444 3768 ΨΜ
462 3719 536 3768 Hesi
591 3716 632 3782 In
651 3719 792 3783 crastino
806 3740 895 3798 vero,
909 3719 1173 3804 pervenientibus
1195 3720 1322 3786 Maiore
1342 3731 1375 3785 et
1395 3718 1530 3783 Civibus
1553 3718 1587 3782 in
1600 3717 1695 3783 Gild-

323 3787 508 3899 mffi
546 3820 675 3884 halliam
690 3822 731 3886 sd
746 3821 873 3906 placita,
899 3842 962 3906 que
986 3823 1114 3886 incoate
1136 3823 1270 3887 menni
1293 3822 1345 3888 die
1369 3821 1564 3908 precedenti,
1584 3823 1695 3886 termi-

324 3931 373 3964 Μ·
546 3920 663 4000 nanda,
689 3931 841 3987 ostensus
866 3922 928 3987 luit
953 3924 1083 4008 quidam
1113 3925 1240 3989 rotulus
1270 3937 1304 3990 et
1339 3925 1443 3990 lectus
1469 3945 1577 3989 coram
1607 3925 1696 3991 dicto

546 4023 691 4090 Waltero
706 4034 741 4089 et
754 4021 844 4090 omni
869 4025 1003 4114 populo,
1028 4028 1061 4091 in
1089 4049 1153 4113 quo
1178 4027 1429 4092 continebantur
1448 4027 1557 4112 plures
1572 4027 1696 4092 articuli

546 4125 639 4194 valde
660 4127 780 4194 notorii
795 4131 835 4195 de
849 4125 1147 4216 'presumptionibus
1170 4140 1204 4196 et
1225 4129 1364 4215 injuriis,
1386 4151 1467 4215 quas
1483 4128 1589 4194 dictus
1604 4129 1695 4193 Wal-
