3930 5088
570 611 832 657 vroroonrrou
858 611 1147 660 nonnosrasnsr.
1367 601 1426 658 115

277 759 392 846 gladiis
407 768 440 825 et
454 760 552 826 armis
567 783 680 828 eorum
696 761 908 849 complicibus
923 765 1083 849 promptis
1099 775 1133 832 et
1147 764 1278 852 paratis,
1299 765 1427 851 adpre·

277 864 396 928 dictam
405 864 558 929 feloniam
573 865 801 950 perficiendam
814 891 824 945 3
838 875 873 930 et
887 865 981 931 ecce!
994 888 1140 931 rumores
1155 866 1196 930 de
1211 865 1323 949 prelio,
1339 865 1427 950 quod

276 975 384 1030 actum
398 967 460 1030 luit
470 969 557 1052 apud
568 968 732 1033 Eveshsm
742 968 794 1034 die
805 969 922 1033 Martis
935 969 1148 1054 procedenti}
1158 967 1276 1054 quibus
1288 968 1468 1044 rumori-fo.
1482 984 1525 1031 114
1541 993 1571 1032 vr.

276 1067 338 1132 bus
353 1069 483 1148 auditis,
505 1070 570 1155 ipsi
588 1070 691 1157 iniqui
704 1071 765 1136 viri
780 1071 912 1136 Belialis
927 1093 946 1134 a
960 1070 1128 1157 proposito
1152 1091 1212 1134 suo
1228 1090 1263 1133 se
1284 1077 1425 1134 retraxe-

275 1179 363 1250 runt,
378 1181 412 1237 et
427 1173 569 1238 salvatus
585 1173 723 1258 sangnis
738 1173 891 1238 innoxius
906 1173 940 1237 in
955 1173 1010 1238 illa
1025 1173 1089 1237 die.

319 1271 464 1337 Nomina
477 1273 616 1354 illorum,
631 1274 687 1360 qui
701 1274 921 1362 principaliter
942 1276 1074 1342 fuerunt
1095 1273 1235 1339 ordinati
1258 1271 1299 1336 ad
1324 1271 1424 1337 inter·

274 1372 461 1440 fioicndum.

359 1477 383 1542 J
384 1477 529 1542 ohannes
543 1477 584 1542 de
600 1477 762 1543 Giuorcio.

361 1579 557 1645 Willielmus
571 1579 658 1645 filius
676 1580 819 1646 Ricardi.

361 1681 530 1746 Johanncs
544 1682 740 1762 Addrienus‚
756 1683 948 1768 Draparius.

361 1783 556 1849 Willielmus
572 1785 612 1850 de
628 1785 816 1850 Dunelmia.

362 1884 539 1971 Gregorius
551 1887 592 1951 de
608 1887 761 1952 Rckosle.

362 1987 559 2073 Baginaldus
574 1989 615 2053 dc
631 1989 820 2054 Suffolchia.

360 2091 523 2154 Arnaldus
537 2090 750 2157 Thedmarus.

361 2191 524 2258 Robertus
539 2192 580 2259 de
596 2193 798 2260 Corenhelle.

361 2294 527 2360 Galfridus
543 2296 583 2362 de
599 2295 793 2362 Wincestre.

359 2393 527 2460 Johannes
547 2394 685 2461 Derkin.

316 2494 565 2563 Bartholomeus
575 2497 616 2562 de
626 2497 767 2564 Castello
773 2523 783 2580 ;
796 2499 881 2563 inter
890 2521 987 2584 quem
999 2509 1032 2565 et
1040 2522 1143 2566 unum
1153 2499 1193 2564 de
1204 2497 1357 2563 maleficis
1369 2519 1421 2562 or-

273 2609 308 2664 ta
318 2599 380 2664 fuit
394 2601 434 2666 de
449 2623 536 2667 novo
544 2600 683 2666 verbosa
697 2603 864 2668 contentio
865 2603 1032 2687 ‚predicto
1048 2603 1280 2668 Bartholomeo
1291 2603 1421 2667 fovente

272 2711 380 2788 partes
392 2703 534 2768 Domine
545 2703 708 2776 Edwardi,
720 2715 754 2768 et
763 2704 865 2768 altero
876 2714 985 2789 partes
995 2705 1134 2770 Comitis
1146 2705 1333 2770 Leicestrie.

315 2805 447 2884 lAdhuc
460 2804 616 2868 remansit
626 2806 790 2870 Dominus
807 2807 905 2888 Hugo
916 2805 1001 2868 lilius
1014 2805 1133 2870 Otonis
1150 2803 1463 2872 constabulariusfo
1475 2811 1523 2861 11⁶
1534 2821 1565 2863 a.

271 2908 383 2972 'l'urris
403 2905 646 2970 Londoniarum
665 2919 699 2971 et
714 2907 835 2970 Custos
858 2905 1021 2985 Civitatis,
1043 2914 1077 2969 et
1102 2904 1239 2989 predicti
1255 2903 1417 2969 Robertus
1431 2879 1590 2990 M-sssm
1485 2881 1570 2927 ‘⁰⁶⁸⁸‘
1571 2879 1620 2926 '²⁶⁸¹

274 3019 309 3074 et
345 3009 488 3072 Thomas
514 3006 625 3072 ballivi
650 3007 812 3087 Civitatis,
850 3007 918 3071 sive
948 3006 1054 3091 aliqua
1077 3026 1162 3070 nova
1187 3005 1343 3069 electione
1366 3006 1518 3072 relfiuean

272 3109 523 3195 presentatione,
555 3109 611 3194 qui
639 3119 864 3176 remanserunt
892 3129 995 3194 usque
1031 3109 1073 3173 ad
1106 3119 1235 3173 sextum
1255 3104 1417 3172 decimum
1430 3071 1612 3183 miii?

273 3214 359 3278 diem
374 3213 456 3278 Julii
470 3215 645 3300 sequentis.
1430 3201 1471 3246 M⁰
1484 3201 1603 3249 ‘'MK“

317 3316 579 3396 Memorandum,
608 3317 696 3401 quod
721 3314 923 3399 temporibus
942 3313 1083 3400 antiquis
1107 3320 1265 3378 statutum
1294 3312 1357 3376 fuit
1384 3280 1485 3378 etlie²
1479 3281 1612 3378 onumen
1614 3353 1624 3363 -

272 3421 440 3538 provisum
454 3419 495 3484 dc
509 3418 644 3498 retibus,
660 3417 777 3503 quibus
793 3417 992 3482 debentur
961 3439 1077 3502 piscarr
1091 3417 1126 3481 in
1137 3415 1315 3495 Thamisia‚
1330 3411 1455 3501 quod“
1430 3395 1542 3443 (ΜΨ

273 3525 307 3588 in
332 3523 406 3587 sinu
431 3523 545 3586 talium
568 3521 687 3585 retium
711 3519 809 3585 debet
834 3520 977 3584 mascula
1000 3541 1071 3585 esse
1091 3527 1243 3584 contexto
1273 3519 1319 3584 ita
1332 3519 1420 3604 larga

272 3627 360 3712 quod
374 3624 495 3711 ungula
519 3623 646 3710 pollicis
668 3623 766 3687 unius
786 3623 929 3688 hominis
954 3621 1113 3708 perillam
1129 3629 1198 3686 tota
1212 3620 1318 3705 possit
1332 3628 1420 3684 tran·

272 3730 335 3794 sire
347 3755 357 3808 3
381 3738 415 3792 et
441 3727 468 3792 si
496 3728 604 3813 aliqua
622 3726 764 3792 mascula
787 3725 821 3790 in
847 3726 954 3811 aliqua
978 3734 1046 3791 rete
1060 3723 1157 3789 fuerit
1181 3724 1315 3788 inventa
1328 3722 1420 3787 aliter

272 3841 434 3911 contexta,
445 3839 553 3895 totum
568 3839 635 3896 rete
651 3830 748 3895 debet
763 3829 1005 3914 condempnari.
1060 3827 1158 3894 Unde
1171 3824 1317 3910 contigit,
1333 3823 1420 3909 quod

272 3943 347 3996 ante
362 3934 481 3997 festum
498 3933 608 3998 Sancti
633 3930 804 3997 Michaelis
826 3931 889 3996 hoo
906 3953 1003 4011 anno,
1028 3939 1063 3994 et
1082 3929 1179 3994 etiam
1195 3940 1272 4013 post
1290 3928 1422 4005 festum,

272 4035 405 4097 fuerunt
429 4034 523 4119 plura
548 4035 628 4100 retia
657 4045 762 4120 capta,
788 4045 822 4099 et
847 4034 987 4099 adducta
1016 4032 1102 4117 apud
1133 4029 1354 4108 Gildhalliam,
1388 4037 1422 4093 et

265 4136 404 4216 ibidem,
427 4157 485 4221 per
509 4137 564 4222 xij.
591 4137 679 4200 viros
701 4139 830 4220 juratos
851 4136 892 4200 de
914 4135 1057 4214 civitate,
1078 4132 1133 4217 qui
1157 4131 1279 4196 nullam
1295 4139 1421 4216 partem
