3930 5088
564 591 605 650 88
921 603 1084 650 oaonrea
1107 603 1285 648 uaroaurr
1311 603 1356 648 ιιι·

563 757 674 836 modo,
683 765 762 821 tune
774 755 930 841 temporis
942 756 1078 820 missum
1089 755 1152 821 luit
1162 753 1259 820 breve
1270 754 1405 820 Domini
1415 753 1513 840 Regis
1523 753 1585 820 sub
1596 756 1710 821 eadem

561 859 665 924 forma
676 859 828 924 omnibus
842 857 1099 924 vicecomitibus
1113 856 1240 943 Anglie.

605 961 736 1041 Statim,
749 981 837 1038 vero,
848 960 963 1025 eodem
978 959 1031 1024 die
1041 959 1124 1024 lecte
1138 960 1271 1024 luerunt
1284 957 1422 1045 quedam
1433 958 1539 1024 littere
1549 969 1711 1044 patentes,

561 1064 766 1128 continentes
781 1063 868 1148 quod
885 1063 955 1127 Rex
970 1061 1103 1126 tradidit
1118 1060 1294 1126 Civitatem
1303 1059 1480 1126 Willielmo
1491 1061 1559 1128 filio
1571 1063 1710 1140 Ricardi,

562 1166 618 1251 qui
646 1175 741 1231 antea
765 1165 910 1230 Ballivus
939 1163 1003 1229 init
1029 1162 1180 1228 Civitatis
1206 1183 1264 1248 per
1289 1163 1479 1228 electionem
1504 1162 1645 1242 Civium,
1668 1166 1710 1229 ad

561 1268 817 1346 custodiendam,
842 1276 877 1332 et
900 1264 1171 1332 vicecomitatum
1198 1264 1425 1344 Middelsexie,
1454 1286 1513 1351 per
1543 1266 1709 1351 antiquam

561 1371 698 1452 firmam,
712 1371 877 1437 reddendo
899 1370 941 1436 ad
963 1369 1165 1436 Scacoarium
1190 1391 1297 1433 suum.
1341 1369 1416 1436 Qua
1430 1368 1537 1432 littere
1550 1369 1711 1434 contrarie

561 1473 692 1538 fuerunt
705 1472 849 1557 predicte
865 1471 974 1552 Carte,
993 1493 1164 1557 perquam
1180 1472 1311 1537 Cartam
1328 1469 1452 1536 Civitas
1473 1470 1570 1536 debet
1590 1470 1710 1535 habere

561 1597 675 1642 omnes
689 1574 855 1642 libertates
870 1585 905 1640 et
918 1574 1034 1639 liberas
1056 1572 1307 1638 eonsuetudines
1323 1595 1409 1651 suas,
1429 1581 1463 1637 et
1486 1573 1532 1637 sic
1555 1571 1712 1638 deberent

563 1675 662 1742 Cives
677 1677 793 1764 eligere
808 1675 870 1742 sibi
884 1676 1100 1743 vicecomites
1120 1685 1154 1740 et
1177 1675 1348 1740 Maiorem.
1392 1674 1446 1741 Ob
1469 1697 1566 1760 quam
1580 1697 1710 1741 causam

563 1777 661 1844 Cives
695 1779 856 1844 miserunt
884 1778 926 1842 ad
954 1778 1077 1842 curiam
1106 1776 1241 1844 Domini
1279 1775 1376 1863 Regis
1403 1777 1539 1842 nuncios
1563 1799 1651 1857 suos,
1676 1788 1711 1843 et

560 1881 716 1946 remansit
744 1880 831 1946 idem
855 1878 1052 1945 Willielmus
1082 1878 1204 1943 Custos
1237 1877 1386 1944 Civitatis
1421 1888 1455 1944 et
1484 1878 1710 1958 Middelsexie,

560 1983 636 2068 quia
668 1981 766 2048 Cives
796 1981 972 2048 noluerunt
1010 1981 1126 2066 eligere
1162 1991 1277 2046 eontra
1311 1981 1472 2066 predictas
1500 1979 1609 2046 literas
1640 1982 1709 2047 sine

560 2083 690 2148 licentia
704 2083 841 2148 Domini
860 2083 969 2169 Rem's.
1013 2083 1080 2149 Sed
1094 2082 1252 2148 miserunt
1267 2083 1403 2148 nuncios
1418 2085 1460 2149 ad
1474 2084 1607 2165 curiam,
1626 2085 1710 2149 sicut

560 2186 740 2272 predictum
756 2195 818 2250 est

356 2341 373 2372 ‚,
489 2327 500 2374 ,-
604 2288 657 2351 Ad
672 2288 793 2352 festum
810 2287 921 2352 Sancti
936 2287 1118 2367 Michaelis,
1133 2308 1218 2351 anno
1234 2287 1370 2352 Domini
1385 2287 1514 2353 M⁰CC⁰
1529 2289 1710 2353 LXosexte

396 2391 408 2438 2'
460 2391 465 2403 '
507 2398 526 2440 ⁰·
560 2389 755 2455 Willielmus
766 2389 852 2456 filius
868 2390 1007 2469 Ricardi,
1018 2388 1140 2453 Custos
1154 2388 1303 2452 Civitatis
1319 2398 1353 2452 et
1368 2388 1593 2466 Middelsexie,
1604 2390 1710 2455 adhuc

559 2493 714 2556 remansit
739 2492 773 2557 in
794 2491 919 2557 Bulliva
932 2512 1002 2555 sua
1047 2489 1123 2556 Quo
1143 2499 1252 2554 amoto
1274 2490 1409 2554 infesto
1432 2491 1541 2556 Sancti
1565 2492 1711 2571 Martini,

559 2593 635 2658 iacti
664 2603 743 2658 sunt
772 2593 890 2658 Ballivi
931 2591 1083 2657 Civitatis
1112 2601 1146 2657 et
1176 2591 1391 2656 Middlerexie
1428 2613 1487 2676 per
1519 2593 1710 2660 electionem

561 2694 691 2764 Civium

363 2845 388 2878 „
498 2847 521 2880 „
601 2800 771 2865 Johannes
785 2799 971 2864 Addrienus
986 2808 1020 2864 et
1034 2798 1141 2864 Lucas
1156 2799 1197 2864 de
1213 2798 1398 2864 Batenourt.

603 2903 678 2969 Hoc
691 2926 779 2968 anno
793 2903 876 2969 circa
890 2903 1010 2968 iestum
1026 2902 1137 2968 Sancti
1153 2900 1324 2966 Michaelis
1339 2900 1433 2966 electi
1446 2900 1578 2964 fuerunt
1593 2901 1634 2985 xij
1650 2901 1711 2965 viri

559 3008 599 3072 de
616 3006 827 3093 Magnetibus
842 3005 943 3092 regni,
958 3016 1025 3071 tam
1040 3005 1264 3071 ecclesiasticis
1285 3027 1381 3090 quam
1401 3004 1501 3083 laicis,
1523 3005 1709 3088 inquorum

558 3109 690 3174 arbitrio
704 3118 739 3172 et
753 3108 959 3173 ordinacione
973 3107 1120 3192 positum
1143 3107 1206 3171 fuit
1227 3107 1404 3191 negotium,
1430 3113 1566 3190 tangens
1588 3114 1709 3170 statum

558 3210 659 3294 regni,
674 3217 708 3272 et
730 3207 870 3272 maxime
891 3207 931 3272 de
951 3208 1175 3288 exheredatis3
1197 3208 1244 3272 ita
1265 3209 1353 3293 quod
1373 3208 1525 3293 quiequid
1551 3207 1615 3292 ipsi
1636 3229 1710 3292 pro-

557 3310 758 3386 nunciarent,
772 3307 908 3374 firmiter
922 3308 1160 3376 observaretur.
1195 3310 1346 3377 Quorum
1366 3310 1530 3377 ordinacio
1546 3311 1709 3395 divulgata

557 3412 620 3476 tuit
635 3411 686 3476 die
701 3409 875 3476 Dominica
888 3421 963 3476 ante
978 3412 1099 3477 festum
1115 3411 1274 3477 Omnium
1290 3412 1483 3478 Sanctorum
1499 3413 1585 3498 apud
1596 3413 1709 3478 Ware-

557 3535 637 3600 wyc,
653 3535 761 3579 coram
776 3513 922 3581 Domino
935 3515 1024 3601 Rege
1038 3523 1073 3580 et
1086 3515 1222 3582 oonsilio
1234 3537 1294 3581 ruo
1309 3526 1344 3581 et
1358 3515 1583 3581 innumerabili
1600 3516 1710 3581 Comi-

557 3627 640 3698 tum,
663 3617 828 3682 Baronum
852 3626 886 3682 et
907 3617 1055 3698 aliorum,
1082 3639 1142 3704 per
1165 3619 1334 3703 Legatum,
1356 3629 1433 3704 post
1456 3619 1709 3704 predicationem

558 3740 661 3797 suam,
677 3718 838 3782 dicentem
863 3721 994 3805 “lquod
1008 3721 1117 3785 nullus
1138 3720 1179 3786 de
1199 3721 1400 3786 exheredatis
1422 3723 1571 3808 perderet
1592 3723 1710 3786 terram

558 3845 672 3902 suam3
695 3822 763 3897 sed,
779 3821 834 3905 qui
856 3821 929 3906 plur
952 3823 1144 3908 transgressi
1169 3823 1289 3888 fuerint
1309 3833 1423 3888 eontra
1444 3824 1624 3889 Dominum
1646 3826 1710 3890 Re-

557 3947 642 4012 gem,
664 3925 900 3990 redimerentur
924 3937 1083 4011 quantum
1106 3935 1190 3990 terre
1213 3947 1326 3990 eorum
1352 3925 1462 3990 volent
1487 3948 1545 4010 per
1567 3929 1709 4012 quinque

557 4049 670 4107 annos,
692 4036 727 4093 et
751 4027 892 4114 quidam·
906 4029 970 4110 alii,
993 4038 1231 4116 quantumsue
1253 4028 1363 4093 valent
1387 4048 1455 4113 per·
1468 4029 1550 4093 duos
1563 4031 1709 4094 'annos.’-'

557 4131 621 4212 Illi,
631 4152 720 4212 vero,
729 4130 785 4216 qui
799 4131 908 4199 minua
924 4131 1127 4220 deliquerint,
1136 4139 1297 4216 quantum
1303 4139 1387 4196 terre
1402 4153 1513 4197 eorum
1528 4132 1711 4216 valentper
