3930 5088
545 591 801 639 rroreorrrrurs
827 591 1115 639 nonnonrsauss.
1361 575 1402 648 87

253 743 366 810 fideles
380 740 518 808 Domini
531 743 630 828 Regi·
645 753 904 830 supervenerunt
926 753 961 810 et
980 751 1248 830 expugnaverunt
1271 742 1346 808 illos
1369 743 1404 810 in

253 846 362 932 vigilia
387 846 618 926 Pentecosten
649 844 736 910 unde
763 845 859 910 multi
888 846 930 911 de
952 845 1015 911 illis
1040 843 1127 930 eapti
1152 853 1231 909 sunt
1252 853 1287 910 et
1309 845 1405 912 multi

254 947 364 1014 occisi.
409 946 528 1012 Comes
543 967 620 1012 sero
643 946 684 1014 de
711 947 864 1014 Ferrariis
887 955 1003 1032 eaptus
1028 945 1091 1010 init
1113 955 1147 1010 et
1173 945 1292 1012 duetus
1317 949 1404 1034 apud

252 1059 396 1114 matrum
411 1050 452 1114 de
466 1047 723 1114 windleshores.
766 1046 936 1115 lohannes
950 1068 1027 1114 vero
1046 1047 1086 1114 de
1106 1048 1222 1134 Eyvile
1246 1059 1280 1115 et
1305 1049 1404 1116 Bald-

252 1171 367 1238 wynus
381 1151 488 1217 wake
505 1160 689 1236 posuerunt
704 1173 739 1216 se
754 1149 790 1216 in
804 1153 927 1236 lugam.
962 1211 966 1220 .

297 1255 417 1321 Postea
431 1254 483 1320 die
497 1252 634 1320 Veneris
648 1253 684 1318 in
708 1251 890 1338 septimana
912 1251 1122 1318 Pentecostes
1146 1248 1311 1316 Dominus
1334 1248 1403 1316 Ed-

251 1356 379 1422 wardus
394 1352 711 1442 expugnaritlidam
726 1352 863 1424 Gurduu
886 1352 1116 1438 etoamplioes
1140 1375 1218 1418 snos
1241 1353 1276 1418 in
1302 1353 1402 1420 bosco

249 1458 293 1524 de
307 1459 463 1537 Aultona,
477 1457 535 1522 ubi
548 1457 645 1526 multi
667 1456 766 1524 omisi
788 1457 922 1526 fuerunt
935 1464 980 1526 ,et
1002 1455 1090 1540 eapti
1113 1465 1280 1528 attatum
1305 1477 1402 1524 suum

251 1563 473 1646 perdiderunt.

296 1664 426 1743 Postea,
446 1671 562 1749 quarto
584 1662 637 1728 die
658 1661 761 1742 Junii,
774 1661 866 1730 venit
885 1662 976 1732 ,venit
999 1659 1194 1730 Boneboius
1215 1661 1402 1748 Arebiepis·

250 1787 354 1852 oopus
375 1765 549 1831 cantuarie
563 1764 745 1830 Londordis
758 1787 778 1830 a
792 1764 939 1850 partibus
953 1761 1187 1842 transmarinis,
1201 1762 1258 1828 ubi
1276 1785 1399 1830 moram

250 1869 370 1933 iecerat
384 1889 446 1954 per.
457 1877 562 1933 toturn
577 1876 707 1951 tempus
722 1865 866 1952 prediote
880 1864 1078 1934 onbntlonis
1088 1863 1321 1950 regninnglio.

290 1970 738 2054 Annoeodem,postfestum
749 1967 940 2036 Natiuitatis
952 1965 1230 2036 smotiJohsnnis
1241 1966 1400 2053 Baptista,

251 2071 415 2138 Dominus
431 2073 502 2138 Rex
516 2069 645 2138 obsedit
658 2078 801 2136 oestrum
815 2069 857 2136 de
875 2067 1115 2147 Kenelworthe,
1139 2066 1264 2134 bahem
1289 2090 1400 2136 secum

249 2175 517 2241 innumerabilem
531 2173 708 2241 exereitum
725 2171 903 2246 Comitum
920 2171 1098 2251 Beronum,
1120 2169 1278 2249 Militum,
1299 2170 1400 2236 servi·

250 2277 375 2344 entium
390 2287 424 2344 et
437 2277 574 2342 aliorum
587 2274 664 2340 fidei
679 2295 737 2338 sue
751 2272 989 2342 adherentium.

293 2379 421 2445 Eodem
435 2400 533 2458 enno,
547 2377 569 2461 iJ
562 2375 660 2443 idus
681 2374 775 2454 Julii,
790 2374 831 2441 de
850 2383 957 2452 noete,
981 2393 1065 2442 uxor
1084 2372 1221 2440 Domini
1246 2373 1398 2440 Edwardi
1410 2391 1579 2442 Danaam

249 2479 377 2566 peperit
390 2478 495 2546 filium
511 2501 608 2546 suum
622 2477 878 2565 primogenitura
888 2476 978 2563 apud
991 2476 1258 2558 windleshores,
1280 2477 1524 2570 quibusmffl
1410 2456 1600 2570 W*
1571 2459 1622 2536 οῗ

249 2582 435 2649 mmoribus
449 2581 569 2648 auditis
585 2578 683 2648 (lires
702 2580 947 2648 londoniarum
971 2580 1119 2648 fenerant
1133 2578 1373 2663 Qproolnmne
1364 2600 1399 2644 ιιι

251 2683 402 2764 Ciuitate,
431 2683 558 2771 qnod
548 2705 583 2748 ιιι
612 2683 754 2747 crastino
779 2688 864 2762 stota
899 2703 1074 2746 commune
1110 2679 1444 2767 solempnitasaentfo,
1457 2703 1535 2754 noso,

249 2787 376 2851 nullum
391 2807 475 2872 opus
488 2785 603 2851 servile
617 2783 764 2850 mundo
790 2802 848 2867 pre
862 2781 981 2865 gaudio
995 2780 1175 2849 nativitatis
1194 2781 1273 2846 dieti
1295 2783 1399 2866 pueri.

250 2888 349 2953 Unde
362 2887 484 2952 fautum
499 2895 560 2966 est,
574 2885 663 2971 quod
677 2885 732 2952 illa
742 2882 967 2963 diaomnibus
978 2883 1076 2948 seldis
1087 2881 1260 2966 etsohupis
1272 2883 1401 2964 eleusis,

245 3011 364 3056 omnes
386 2989 446 3054 viri
468 2999 503 3056 et
525 2988 688 3066 mulieres,
710 2995 778 3052 tam
804 2984 911 3054 cleriei
920 3006 1019 3070 quam
1041 2983 1124 3063 laiei,
1149 2983 1232 3068 pede
1255 2994 1290 3048 et
1315 3006 1400 3070 equo

249 3100 461 3177 perrexerunt
474 3090 565 3176 apud
577 3086 917 3166 westmonasterium,
932 3087 1061 3172 gratias
1086 3096 1218 3173 aganus
1240 3087 1314 3154 Deo
1339 3109 1399 3173 pro

249 3192 418 3258 nativitate
431 3193 524 3280 pueri
537 3201 573 3258 et
586 3201 716 3260 orantes
731 3213 794 3278 pro.
806 3191 909 3262 salute
919 3211 988 3258 sua.
1025 3190 1072 3257 Et
1081 3211 1140 3276 per
1147 3190 1237 3258 riom
1250 3191 1400 3276 uirium

246 3293 429 3381 tripudium
458 3295 614 3360 dueentes
639 3303 673 3360 et
698 3293 876 3360 oantilenas
900 3293 1055 3362 annus
1080 3314 1137 3379 pre
1160 3294 1292 3378 gaudio,
1315 3295 1401 3362 siout

249 3400 334 3465 solet
353 3398 424 3465 fieri
438 3398 607 3463 annuatim
620 3397 656 3462 in
670 3397 755 3464 festo
770 3397 883 3466 Sancti
895 3396 1059 3466 iohannis
1071 3397 1240 3483 Baptiste3
1255 3397 1308 3464 eui
1321 3419 1399 3468 retu

247 3524 351 3590 puero
366 3501 558 3589 impositum
572 3511 624 3566 est
637 3522 758 3570 nomen
772 3499 795 3568 J
796 3500 1007 3572 obaunas

294 3604 548 3686 Memorandum
569 3603 688 3689 quod
679 3625 714 3670 ιιι
731 3603 851 3690 Vigilia
871 3603 985 3671 Sancti
1006 3602 1178 3670 Michaelis
1198 3603 1319 3670 laetum
1338 3559 1402 3672 init

247 3709 347 3776 breve
361 3708 498 3776 Domini
514 3707 642 3794 Regis
632 3729 668 3774 ιιι
691 3706 836 3774 Gildhall
859 3727 967 3774 eoram
993 3706 1084 3774 omni
1108 3706 1283 3793 popnl03'
1273 3729 1309 3772 ιιι
1335 3728 1401 3793 quo

248 3808 476 3876 continebatur
489 3811 601 3895 quod
592 3833 663 3897 rpse
675 3809 823 3896 preoepit
836 3818 876 3875 ut
889 3819 991 3890 sarta,
1011 3833 1108 3896 quam
1122 3809 1400 3879 sermonibus

248 3910 317 3974 suis
339 3911 467 3996 Anglie,
492 3911 533 3978 de
560 3911 775 3992 libertatibus,
790 3933 877 3980 anno
891 3912 983 3998 regni
997 3912 1049 3981 sui
1063 3933 1161 3989 nono,
1177 3912 1260 3979 lenta
1284 3911 1401 3978 disset

247 4033 356 4078 eoram
383 4013 474 4078 omni
502 4016 637 4100 populo,
665 4024 701 4081 et
729 4015 817 4100 quod
845 4036 960 4084 omnes
985 4015 1111 4084 munuli
1133 4016 1174 4081 in
1193 4036 1233 4082 ea
1254 4014 1402 4082 eontenti

248 4112 385 4180 tirmitm
397 4134 457 4200 per
471 4122 579 4182 totum
604 4137 741 4204 regnum
754 4115 872 4201 englis
896 4115 1159 4186 observsrennn.
1202 4117 1260 4200 Et,
1283 4115 1401 4183 eodem
