3856 5038
445 526 584 594 cxxxviii
954 545 1130 589 sarraca.

446 699 556 778 family,
571 696 660 754 which
676 695 780 772 proved
794 697 822 752 in
836 695 884 753 the
897 695 952 754 end
975 717 1007 754 so
1025 695 1105 754 fatal.
1150 695 1183 753 ln
1197 694 1246 752 the
1270 713 1347 752 same
1367 715 1434 772 year
1447 695 1497 752 she
1516 695 1649 753 obtained

447 794 496 853 the
519 792 621 868 King's
646 792 750 849 licenoe
771 799 801 848 to
825 791 979 848 undertahe
1003 810 1020 848 a
1041 791 1208 868 pilgrimage
1221 798 1251 847 to
1267 789 1357 847 Rome
1371 790 1428 849 and
1442 788 1578 866 Cologne,
1591 791 1647 848 and

447 890 605 956 elsewhere,
625 891 655 946 in
675 889 826 946 fnliilment
846 889 879 946 οἰ
902 887 954 946 her
969 908 1039 956 vow,
1060 887 1150 946 which
1171 907 1225 944 was
1248 887 1395 946 witnessed
1419 887 1457 966 by
1474 887 1532 945 him
1553 897 1583 945 at
1602 888 1647 945 his

447 1006 546 1044 manor
560 985 593 1042 ot'
605 985 719 1043 Eltham
733 1005 770 1042 on
784 984 833 1043 the
851 986 919 1042 llth
934 985 987 1064 day
1002 985 1035 1044 of
1048 985 1161 1053 March,
1175 985 1232 1042 and
1248 985 1270 1040 is
1285 984 1408 1041 inserted
1422 1004 1459 1042 on
1475 984 1523 1042 the
1540 984 1606 1042 lloll
1619 985 1652 1042 of

449 1085 561 1142 Letters
577 1084 686 1151 Patent,
711 1088 730 1140 4
755 1083 831 1140 Heu.
856 1082 908 1140 IV.
931 1083 1019 1140 under
1042 1083 1089 1138 the
1113 1082 1235 1158 hesding
1262 1081 1319 1140 Pro
1344 1083 1457 1158 Agnete
1474 1081 1602 1150 Bardolf,
1616 1101 1648 1139 as

448 1181 557 1240 follows
567 1203 616 1238 ι·-

478 1277 608 1352 “1l[cx]
623 1277 761 1332 universis
775 1283 804 1333 et
818 1274 936 1350 singulis
950 1275 1122 1341 Admirallis‚
1132 1278 1182 1332 isc.
1196 1275 1232 1332 ad
1246 1295 1316 1351 quos
1325 1279 1375 1334 &o
1386 1275 1513 1332 salutem.
1540 1273 1650 1350 Suppli·

450 1375 524 1432 cavit
534 1375 614 1431 nobis
626 1375 722 1448 Agnes
732 1371 857 1440 Barduli,
870 1372 994 1430 Domina
1005 1371 1039 1429 de
1050 1372 1229 1448 Wormegey,
1241 1390 1330 1448 nuper
1340 1370 1527 1428 uxorThome
1538 1371 1649 1449 Morty-

450 1490 518 1537 mer,
531 1469 669 1536 chevaler,
684 1469 768 1544 quod,
777 1489 841 1526 cum
850 1469 910 1544 ipsa
919 1477 984 1524 vota
995 1468 1231 1543 peregrinacionis
1243 1487 1340 1526 versus
1351 1469 1434 1524 urbes
1451 1467 1542 1526 Rome
1555 1478 1584 1526 et
1594 1469 1650 1528 Co-

452 1568 525 1626 lonie
539 1587 572 1625 ao
586 1567 655 1624 alias
670 1577 762 1643 partes
776 1575 886 1624 exteras
901 1585 951 1640 pro
965 1565 1055 1623 salute
1070 1585 1119 1622 sua
1129 1565 1261 1632 emiserit,
1279 1565 1493 1622 velimuseidem
1505 1567 1610 1642 Agneti
1621 1576 1651 1624 ut

451 1665 509 1741 ipsa
525 1683 622 1721 versus
636 1666 720 1720 urbes
730 1673 758 1720 et
769 1673 863 1739 partes
875 1662 1013 1738 predictas
1024 1663 1052 1718 in
1063 1679 1239 1738 quocumque
1249 1671 1331 1738 portu
1343 1663 1423 1738 regni
1437 1665 1524 1720 nostri
1537 1662 1651 1739 Anglie,

452 1762 506 1818 sibi
521 1760 664 1837 placuerit,
673 1780 737 1817 oum
751 1760 897 1818 duodecim
908 1758 1067 1816 hominibus
1077 1767 1105 1816 et
1119 1758 1265 1816 duodecim
1276 1759 1355 1834 equis
1366 1760 1393 1816 in
1403 1760 1534 1818 comitiva
1545 1780 1603 1828 sua,
1618 1781 1652 1818 ac

450 1858 541 1926 bonis,
555 1859 638 1914 rebus
652 1867 680 1915 et
693 1858 828 1915 homesiis
839 1858 896 1914 suis
912 1858 1031 1914 transire
1042 1867 1070 1912 et
1085 1875 1114 1913 se
1128 1865 1207 1912 extra
1221 1875 1338 1930 regnum
1349 1865 1475 1914 nostrum
1486 1857 1652 1933 predictum,

452 1973 597 2031 quousque
621 1955 875 2030 peregrinacionem
901 1973 979 2011 suam
1001 1953 1155 2029 predictam
1169 1953 1357 2028 compleverit,
1371 1953 1528 2022 absentare,
1543 1973 1651 2012 necnon

452 2052 541 2109 eidem
558 2052 674 2126 rigueti,
688 2051 763 2126 quod
777 2052 837 2127 ipsa
859 2061 1010 2108 trescentas
1035 2050 1120 2107 libras
1144 2069 1195 2125 pro
1217 2052 1345 2126 expensis
1367 2051 1423 2107 auis
1448 2051 1476 2107 in
1497 2050 1551 2110 hac
1572 2062 1652 2128 parte

451 2149 652 2206 mercatoribus
666 2149 759 2207 Janue
780 2150 838 2204 sive
852 2149 913 2207 aliis
928 2149 1052 2223 personis
1067 2148 1288 2224 quibuscumque
1303 2147 1376 2206 infra
1390 2167 1507 2223 regnum
1521 2157 1650 2206 nostrum

436 2245 559 2328 ¹Anglie
582 2246 700 2314 solvere,
723 2256 752 2304 et
774 2245 877 2302 eisdem
901 2245 1102 2302 mercatoribus
1124 2246 1182 2302 sive
1203 2245 1264 2302 aliis
1286 2245 1411 2320 personis
1425 2245 1558 2321 predictis
1572 2245 1649 2320 quod

452 2350 505 2424 ipsi
518 2350 623 2407 litteras
638 2351 739 2408 cambii
750 2351 833 2407 sociis
849 2352 907 2408 suis
923 2353 952 2407 in
967 2351 1094 2426 partibus
1108 2350 1210 2406 exteris
1224 2349 1460 2406 commorantibus
1475 2368 1525 2424 pro
1544 2369 1653 2408 summa

457 2444 505 2502 illa
518 2445 606 2502 eidem
630 2448 736 2522 Agneti
758 2448 787 2503 in
805 2447 930 2522 partibus
954 2446 1009 2503 illis
1034 2445 1167 2503 solvenda
1187 2445 1370 2502 benefacere
1389 2445 1508 2512 valeant,
1530 2463 1653 2504 annuere

454 2542 598 2617 graciose;
618 2560 677 2610 nos,
693 2542 884 2618 supplicationi
906 2541 1028 2618 predicte
1042 2549 1205 2608 annuentes,
1220 2541 1367 2598 licenciam
1380 2541 1458 2598 illam
1474 2550 1532 2597 tarn
1547 2543 1653 2618 prefate

456 2640 562 2714 Agneti
586 2659 671 2715 quam
692 2639 823 2715 predictis
843 2640 1046 2696 mercatoribus
1068 2652 1165 2696 tenore
1185 2638 1394 2714 presenciarum
1408 2639 1537 2696 duximus
1554 2657 1652 2697 conoe-

455 2736 584 2793 dendam.
627 2736 665 2794 Et
679 2737 741 2793 ideo
763 2737 842 2793 vobis
862 2736 1027 2793 mandamus
1046 2735 1121 2810 quod
1142 2737 1231 2811 ipsam
1247 2736 1388 2811 Agnetem
1408 2753 1472 2791 cunr
1485 2734 1655 2805 hominibus,

455 2834 542 2910 equis,
558 2834 695 2902 achonis,
710 2835 793 2890 rebus
808 2842 836 2890 et
851 2833 985 2889 hernesiis
1008 2833 1066 2889 auis
1083 2832 1214 2908 predictis
1234 2851 1268 2889 ex
1289 2851 1466 2908 quocumque
1479 2841 1562 2908 portu
1576 2834 1654 2908 regni

455 2932 543 2988 nostri
559 2931 665 3008 Anglie
680 2932 732 2988 ribi
747 2931 882 3008 placuerit
897 2949 993 2987 versus
1007 2931 1091 2987 urbes
1115 2941 1144 2986 et
1164 2939 1257 3006 partes
1278 2930 1416 3005 predictas
1439 2949 1472 2986 ex
1496 2947 1580 2986 causa
1593 2949 1655 3006 pre·

454 3028 527 3086 dicta
548 3030 635 3085 libere
655 3036 684 3084 et
703 3028 810 3102 absque
833 3025 1031 3100 impedimento
1053 3025 1148 3102 aliquo
1170 3027 1290 3082 transire
1314 3027 1490 3102 permittatis,
1514 3027 1655 3103 aliquibus

455 3125 594 3181 mandetis
608 3127 669 3181 sive
683 3122 907 3179 ordinacionibus
922 3122 950 3177 in
964 3124 1134 3180 contrarium
1158 3123 1240 3180 factis
1264 3143 1320 3180 non
1335 3124 1519 3191 obstantibus,
1533 3123 1600 3180 dum
1614 3132 1655 3180 ta·

455 3237 518 3276 men
533 3219 628 3276 eadem
642 3221 740 3293 Agnes
755 3227 803 3275 aut
817 3218 943 3274 homiues
958 3219 1000 3274 sui
1022 3219 1137 3294 predicti
1163 3220 1257 3296 aliqua
1276 3222 1358 3277 nobis
1380 3239 1429 3276 seu
1449 3239 1537 3295 regno
1557 3229 1655 3278 nostro

458 3316 562 3390 Anglie
576 3315 768 3392 prejudicialia
782 3334 876 3372 secum
892 3333 949 3371 non
964 3315 1098 3382 deferant,
1114 3337 1164 3373 ucc
1179 3318 1263 3374 iidem
1275 3325 1445 3375 mercatores
1465 3326 1514 3374 aut
1524 3317 1577 3374 alie
1593 3337 1655 3395 per·

457 3431 524 3470 sone
538 3412 660 3488 predicte
674 3431 772 3469 nurum
786 3411 831 3468 vel
845 3419 993 3486 argentum
1003 3413 1032 3469 in
1044 3432 1136 3470 massa
1150 3414 1194 3470 vel
1205 3423 1318 3470 moneta
1328 3433 1425 3470 versus
1440 3423 1533 3488 partes
1547 3423 1654 3472 exteras

457 3509 549 3567 colore
573 3511 708 3586 presentis
728 3509 844 3566 licencia
862 3518 956 3566 nostre
977 3529 1033 3566 non
1055 3513 1247 3568 transmittant
1268 3511 1368 3586 quovis
1382 3510 1475 3567 modo.
1516 3510 1550 3568 Iu
1565 3511 1654 3586 cujus,

459 3611 510 3664 &c-
552 3605 679 3680 T[este]
705 3605 824 3681 R[ege]
842 3604 917 3679 apud
929 3607 1085 3662 manerium
1102 3607 1189 3682 Regis
1204 3606 1238 3664 de
1254 3607 1369 3664 Eltham
1383 3607 1454 3664 xiiii⁰
1466 3606 1511 3663 die
1526 3605 1656 3664 Marcii.”

501 3703 573 3760 This
587 3703 753 3779 pilgrimago
767 3721 823 3759 was
837 3703 1002 3781 apparently
1017 3703 1114 3760 vowed
1128 3706 1156 3760 in
1172 3703 1245 3780 hope
1259 3706 1292 3761 of
1309 3705 1473 3780 recovering
1488 3704 1538 3760 her
1551 3703 1655 3771 benith,

458 3801 514 3858 and
527 3803 563 3857 its
578 3800 826 3876 accomplishment
838 3817 893 3856 was
908 3800 1052 3857 doubtless
1067 3801 1221 3876 presented
1233 3801 1270 3878 by
1279 3801 1438 3876 inoreasing
1452 3801 1555 3867 iliacas,
1564 3800 1656 3858 which

458 3897 623 3954 terminatcd
640 3897 739 3975 fatally
763 3917 800 3954 on
825 3897 955 3975 Tuesday
976 3906 1043 3953 next
1066 3897 1139 3954 after
1161 3899 1208 3955 the
1228 3900 1301 3955 feast
1321 3899 1355 3955 of
1374 3898 1416 3957 St.
1439 3898 1584 3955 Barnabas
1608 3898 1656 3954 the

461 3994 590 4072 Apostle,
615 3995 683 4051 lach
705 3995 779 4054 June
800 3995 829 4051 in
850 3994 898 4051 the
920 4014 995 4051 same
1015 4013 1092 4072 year.
1134 3994 1196 4052 The
1228 3995 1293 4052 date
1321 3995 1354 4051 of
1380 3995 1429 4052 the
1451 3996 1530 4051 writs
1550 4004 1581 4051 to
1608 3992 1655 4050 the

457 4092 616 4150 escheators
640 4091 673 4149 of
702 4091 749 4149 the
769 4091 874 4148 several
899 4091 1024 4148 counties
1051 4092 1079 4147 in
1102 4091 1192 4148 which
1215 4090 1265 4148 she
1289 4091 1356 4148 held
1378 4091 1467 4158 landa,
1487 4091 1566 4148 three
1588 4089 1656 4168 days
