3898 5022
425 526 461 570 cc
931 523 1106 586 noussen.

421 685 450 735 et
473 675 622 734 heredibus
647 674 681 731 dc
702 675 864 750 corporibus
882 675 1043 734 eorumdem
1057 674 1200 733 Wilieimo
1222 674 1339 750 Pheiipp
1357 683 1386 732 et
1405 673 1536 732 Johsnne
1557 695 1620 734 exe-

422 775 536 831 untibus
550 773 584 830 de
598 773 658 848 ipso
673 771 753 847 Rege
767 779 796 829 et
808 771 957 830 heredibus
978 773 1035 830 suis
1055 792 1107 850 per
1119 774 1235 832 servicis
1250 771 1314 829 inde
1328 771 1421 829 debito
1434 778 1463 829 et
1477 781 1617 840 consueto,

423 877 505 945 prout
518 871 547 925 in
560 867 666 926 eisdem
684 867 784 925 litteris
804 867 963 945 petentibus
977 869 1085 945 pionius
1098 868 1195 945 liquet.
1238 867 1280 925 Et
1299 866 1438 943 predictus
1460 867 1619 925 Wilielrnus

424 966 550 1043 Pheiipp,
570 984 654 1042 quem
675 965 816 1023 Dominus
838 965 901 1023 Rex
918 985 995 1024 nunc
1014 975 1111 1042 postes
1128 965 1217 1022 crexit
1229 965 1258 1020 in
1272 964 1428 1023 Dominum
1441 963 1477 1022 dc
1492 963 1618 1030 bardolf,

420 1072 450 1121 et
462 1063 594 1128 Johnnnn
606 1062 766 1120 habuerunt
778 1063 883 1121 exitum
898 1062 1101 1130 Elimbethsrn,
1121 1071 1237 1140 nuptum
1251 1061 1384 1130 Johnnni,
1407 1061 1570 1119 Vioeoomiti
1584 1060 1619 1118 de

422 1159 587 1228 Beuumont,
597 1159 735 1235 iidemque
749 1159 911 1218 Vroeoomes
924 1168 953 1217 et
967 1158 1134 1216 Elisabethn
1146 1157 1305 1216 habuerunt
1324 1158 1429 1215 exitum
1443 1157 1618 1216 Wilielmum

422 1255 587 1323 Besumont,
611 1256 763 1331 eodemque
789 1255 956 1314 Elimbeths
978 1256 1056 1314 obiit.
1097 1255 1137 1313 Et
1158 1255 1274 1332 predicti
1302 1254 1462 1312 Wiileimus
1491 1254 1619 1330 Phelipp,

420 1350 548 1409 dominus
562 1352 597 1410 de
612 1351 738 1421 Burdolf,
760 1362 789 1410 et
811 1351 943 1412 Johnnnc
963 1350 997 1410 de
1020 1359 1095 1408 stetu
1115 1359 1145 1408 ct
1157 1349 1331 1427 possessione
1344 1349 1475 1427 predictis
1489 1351 1619 1408 obienrnt

420 1446 516 1514 seisiti,
539 1456 602 1524 post
625 1467 746 1524 quorum
762 1456 882 1507 mortem
895 1447 970 1506 diets
985 1447 1071 1504 Anne
1088 1465 1138 1522 per
1158 1463 1260 1502 nornen
1281 1446 1374 1512 Anne,
1399 1463 1454 1521 que
1473 1445 1528 1503 fuit
1547 1465 1618 1503 uxor

421 1542 569 1619 Reginnldi
585 1543 723 1612 cosham,
747 1543 852 1612 militis,
876 1543 905 1600 in
930 1542 1005 1600 dioto
1026 1543 1104 1600 hreri
1122 1541 1228 1601 domini
1249 1541 1338 1618 Regis
1358 1540 1424 1599 huic
1447 1541 1618 1618 inquisitioni

419 1649 538 1698 consuto
551 1641 702 1709 nominato,
713 1648 819 1699 statum
832 1649 861 1698 et
874 1640 1077 1717 possessiouem
1088 1658 1153 1696 suns
1167 1639 1306 1716 predictos
1319 1647 1379 1697 tots
1393 1639 1451 1696 rite
1464 1658 1515 1696 sun
1528 1640 1616 1696 conti·

418 1738 517 1795 nusvit
529 1747 557 1794 et
570 1737 605 1795 dc
618 1737 668 1796 tsii
687 1746 763 1796 stetu
785 1745 815 1795 et
832 1738 1006 1814 possessione
1024 1736 1089 1794 inde
1107 1737 1176 1794 obiit
1192 1737 1285 1793 seisitn
1299 1744 1378 1794 sexto
1391 1735 1436 1793 dic
1448 1735 1616 1794 Novo-bris

419 1832 518 1890 ultimo
544 1833 687 1910 preterito.
741 1832 782 1890 Et
808 1832 875 1890 dicti
898 1833 1039 1908 juratores
1067 1831 1163 1890 dicunt
1190 1831 1267 1908 quod
1290 1832 1430 1892 Dominus
1457 1833 1617 1890 Willelrnus

419 1929 585 1998 Besnmont,
607 1930 736 1988 dominus
751 1930 787 1988 de
801 1929 927 1998 Bsrdolf,
941 1937 984 1987 est
1002 1928 1223 2004 consanguineus
1236 1935 1265 1986 et
1278 1927 1359 1986 heres
1373 1937 1432 1986 tom
1444 1928 1617 2005 prefatorum

419 2025 554 2084 Willelrni
576 2025 694 2103 Phelipp
716 2035 746 2084 et
765 2024 897 2084 Johnnnc
916 2025 951 2082 de
971 2025 1133 2101 corporibus
1152 2025 1276 2100 ipsorum
1290 2024 1425 2082 Willelmi
1443 2033 1473 2083 et
1485 2025 1616 2084 Johsune

418 2132 589 2197 procreatus,
610 2141 695 2199 quum
709 2122 933 2198 consanguineus
953 2131 981 2179 et
999 2121 1079 2180 heres
1093 2121 1216 2198 predicte
1236 2123 1321 2180 Anne
1342 2122 1407 2179 inde
1426 2123 1615 2199 propinquior,

417 2217 554 2288 videlicet,
582 2218 656 2276 filius
683 2218 855 2287 Elisabethe,
876 2218 933 2276 filie
956 2218 1094 2277 dictorum
1118 2217 1254 2275 Wiilelmi
1279 2217 1396 2296 Phelipp
1419 2227 1449 2276 et
1475 2219 1614 2290 Johcnne‚

418 2315 522 2371 sororis
543 2313 615 2371 dicte
640 2315 734 2381 Anno,
757 2323 787 2372 et
807 2323 850 2372 est
874 2323 903 2373 et
924 2313 980 2372 fun
1003 2313 1086 2372 entis
1111 2312 1249 2372 sexdecim
1272 2333 1409 2372 annorum
1432 2314 1476 2372 die
1499 2315 1615 2374 Veneris

417 2411 544 2486 proximo
570 2419 635 2486 post
661 2409 765 2468 festum
794 2407 891 2470 Sancti
913 2411 1008 2469 Murci
1037 2409 1218 2487 Evangeiiste
1244 2409 1343 2468 ultimo
1365 2412 1529 2488 preteritum
1550 2420 1615 2470 ante

417 2507 490 2564 diem
511 2507 651 2583 capcionis
674 2508 759 2585 hujus
780 2509 976 2584 inquisitionis.
1017 2508 1057 2566 Et
1080 2508 1197 2566 ulterius
1219 2508 1335 2585 predicti
1355 2509 1497 2585 juratores
1519 2508 1615 2566 dicunt

416 2603 493 2680 quod
506 2605 630 2662 msneris
643 2605 766 2681 predicto
779 2624 843 2663 eum
863 2606 1034 2682 pertiuentiis
1054 2615 1185 2663 tenentur
1203 2605 1237 2663 de
1252 2605 1363 2663 domino
1378 2606 1459 2682 Rege
1473 2607 1502 2663 in
1516 2607 1614 2681 cupite,

416 2709 459 2759 eet
472 2719 522 2778 per
542 2720 597 2778 quc
619 2702 735 2760 servicis
753 2703 895 2779 juratores
917 2703 1033 2780 predicti
1054 2703 1165 2780 penitus
1188 2703 1327 2779 ignorent,
1349 2711 1379 2760 et
1391 2703 1468 2779 quod
1480 2703 1613 2760 medietas

416 2798 532 2856 manerii
545 2797 580 2856 de
595 2797 728 2856 Plumton
742 2817 807 2856 cum
820 2799 993 2876 pertinentiis
1013 2799 1112 2856 suisio
1126 2799 1256 2856 omnibus
1274 2798 1394 2856 exitibus
1407 2797 1480 2856 uitro
1494 2799 1614 2874 reprisss

414 2895 490 2952 valet
502 2915 552 2972 per
565 2914 670 2955 sunum
697 2895 779 2966 loli„
802 2903 831 2954 et
853 2893 931 2972 quod
952 2894 1085 2952 medietas
1107 2893 1174 2951 dicti
1187 2893 1304 2950 manerii
1322 2892 1357 2951 do
1376 2892 1534 2950 Bsrkehum
1548 2913 1614 2951 cum

416 2993 588 3068 pertinentiis
601 2992 678 3051 volet
698 3011 749 3068 per
770 3011 874 3049 conum
895 2997 946 3050 dre.
969 2992 1025 3049 oli.
1043 2993 1109 3050 132.
1122 2990 1186 3059 sd„
1207 2999 1236 3048 et
1249 2989 1325 3066 quod
1338 2989 1470 3047 medietas
1494 2992 1612 3048 manerii

413 3089 448 3146 de
463 3088 608 3167 Byriynge
621 3089 698 3146 vsiet
710 3107 760 3164 pcr
773 3107 878 3145 annum
893 3092 943 3146 hc.
956 3086 1029 3145 5153'
1081 3087 1144 3144 The
1158 3088 1221 3145 writ
1238 3087 1262 3144 is
1283 3085 1349 3144 thus
1363 3085 1500 3144 endorsed
1512 3086 1550 3164 by
1565 3086 1614 3145 the

411 3183 556 3242 eschentor
566 3193 633 3240 :—“
646 3183 783 3240 Exceutio
804 3183 885 3240 istius
898 3183 992 3240 brevis
1006 3192 1083 3260 potet
1104 3184 1133 3240 in
1154 3182 1304 3261 quemdum
1321 3183 1528 3260 inquisitionem
1547 3183 1612 3241 huic

411 3279 490 3336 brevi
504 3287 648 3338 consutam
660 3276 685 3347 ;'’
705 3278 762 3336 and
775 3278 862 3337 below
875 3287 942 3336 :-“
955 3279 1067 3336 Virtute
1087 3279 1167 3336 istius
1180 3279 1273 3337 brevis
1292 3279 1354 3355 cepi
1366 3278 1395 3334 in
1408 3297 1494 3336 manu
1508 3278 1612 3336 domini

413 3376 501 3452 Regis
520 3374 681 3434 medietates
700 3376 886 3434 maneriorum
906 3377 940 3434 dc
964 3375 1125 3453 promptos,
1146 3375 1308 3435 Bsrkehsm
1330 3385 1359 3434 et
1381 3376 1526 3456 Byriynge
1547 3397 1611 3434 cum

411 3474 469 3530 suis
483 3473 664 3549 pertinentiis,
685 3473 835 3551 dequibus
853 3475 882 3533 in
901 3475 998 3534 eadem
1018 3475 1196 3552 inquisitione
1214 3474 1248 3531 fit
1263 3473 1375 3544 mentio,
1389 3483 1473 3551 prout
1495 3474 1611 3532 interius

410 3569 496 3627 michi
509 3570 660 3647 precipitur
671 3570 695 3641 ;''
719 3571 774 3629 ond
794 3571 844 3631 the
862 3592 937 3632 some
951 3592 1007 3632 wos
1026 3573 1167 3631 delivered
1186 3571 1246 3630 into
1261 3578 1342 3629 court
1355 3589 1391 3629 on
1406 3570 1454 3630 the
1472 3571 1540 3629 16th
1556 3571 1610 3649 day

409 3667 443 3724 of
454 3666 567 3736 March,
580 3668 620 3725 32
635 3668 712 3726 Heu.
726 3669 799 3727 Vh*

442 3829 456 3856 ⁴
473 3828 524 3876 The
541 3829 632 3878 chnrob
649 3832 676 3878 oi
691 3831 819 3892 Plumpton
836 3832 884 3879 hod
901 3831 963 3879 been
979 3833 1050 3892 giren
1070 3831 1101 3891 by
1121 3829 1238 3890 Regionid
1261 3831 1292 3876 dc
1309 3829 1411 3876 Worren
1430 3836 1455 3876 to
1476 3830 1518 3876 the
1540 3829 1610 3876 Prior

408 3911 457 3956 sod
475 3911 570 3958 Onnous
589 3913 615 3958 ot
631 3911 668 3962 Str
689 3911 756 3973 Mcry
775 3912 860 3973 0wery,
878 3911 1031 3970 Sontbwsrk,
1049 3925 1075 3958 ns
1094 3926 1130 3958 wc
1147 3912 1213 3958 leorn
1232 3911 1293 3958 from
1312 3926 1327 3957 n
1346 3912 1440 3958 cbsrccr
1461 3911 1556 3971 printed
1578 3909 1610 3968 by

408 3994 519 4054 Dugdsle
538 3995 563 4040 in
586 3995 627 4042 the
645 3993 800 4044 Monosticon.
834 3996 897 4043 Roth
921 3995 962 4041 the
986 3994 1103 4040 churches
1127 3993 1154 4040 oi
1177 3994 1305 4054 Plumpton
1325 3995 1373 4040 end
1396 3995 1527 4040 Bnrcornbe
1546 4005 1608 4038 were

407 4075 527 4133 rectories,
545 4081 587 4121 out
605 4076 633 4121 oi
651 4075 729 4122 which
746 4077 857 4137 pensioni
877 4090 939 4122 were
957 4075 1036 4135 owing
1052 4081 1077 4121 to
1094 4075 1134 4121 the
1152 4073 1232 4134 Priory
1244 4075 1270 4121 oi
1286 4075 1375 4130 Lewes,
1388 4075 1415 4121 oi
1429 4073 1482 4121 26⁸.
1496 4073 1534 4121 cd.
1547 4073 1608 4120 from
