3920 5022
574 607 831 656 vrcncovrruuu
857 597 1143 654 nosnoursnuu.
1389 597 1430 658 tt

281 762 452 832 consilium
481 760 610 826 illorum
636 759 759 826 Civitas
785 758 883 823 fuerit
907 768 1037 843 gnuvsta
1062 758 1096 824 in
1122 758 1258 845 tollagiis
1284 759 1337 824 vel
1361 759 1432 831 aliis

283 865 392 943 rebus,
406 864 469 928 hoc
483 862 662 927 defendunt
676 871 710 926 et
724 859 841 925 volunt
855 859 1036 938 defendere,
1058 869 1093 926 et
1114 883 1210 928 omne
1226 862 1432 930 malefactum

284 968 331 1032 eis
346 966 546 1052 impositum,
562 962 741 1028 secundum
752 963 839 1047 leges
850 971 885 1028 et
898 962 1149 1028 consuetudines
1160 962 1343 1030 Civitatis.”
1386 964 1434 1034 Et

284 1069 445 1154 quesitum
455 1067 517 1131 fuit
531 1088 551 1131 a
565 1065 680 1132 ceteris
696 1064 936 1144 Aldermannis,
953 1064 1055 1150 qualis
1066 1064 1129 1130 luit
1143 1064 1346 1130 consuetudo
1361 1065 1432 1132 illo·

282 1193 355 1238 rum
370 1171 405 1235 in
419 1171 482 1236 hoc
496 1190 572 1234 casu
584 1194 593 1249 3
617 1169 685 1254 qui,
709 1167 822 1234 habito
844 1167 990 1246 consilio,
1011 1166 1179 1232 venientes
1201 1187 1309 1232 coram
1332 1168 1431 1252 Rege,

283 1271 435 1337 dixerunt
449 1270 534 1335 sicut
548 1268 670 1335 dictum
686 1277 756 1334 erat
770 1269 822 1333 die
837 1269 1034 1355 precedenti,
1045 1269 1177 1348 scilicet,
1206 1269 1321 1355 “quod
1333 1270 1430 1341 eive·

282 1372 526 1440 Londoniarum
538 1370 662 1452 debent
677 1393 712 1438 se
727 1371 898 1436 defendere
912 1392 1025 1436 versus
1046 1371 1168 1455 Regem
1191 1370 1232 1438 de
1253 1381 1431 1457 transgres-

282 1474 373 1540 sione
387 1495 446 1560 per
471 1472 641 1537 duodecim
657 1472 745 1537 viros
756 1473 882 1557 juratos
897 1473 937 1539 de
953 1472 1106 1552 Civitatc,
1120 1483 1154 1538 et
1175 1473 1263 1558 quod
1285 1473 1358 1539 talis
1380 1485 1432 1542 est

282 1575 483 1641 consuetudo
497 1573 660 1640 illorum.''
705 1573 770 1638 Sed
786 1574 868 1653 Rex,
883 1575 924 1640 de
939 1575 1002 1640 hoc
1011 1597 1078 1640 non
1090 1584 1273 1656 contentus,
1284 1576 1431 1662 precepit

282 1675 547 1753 vicecomitibus,
561 1687 600 1739 ut
609 1676 643 1738 in
659 1675 799 1740 crastino
814 1677 969 1742 fecissent
979 1677 1152 1742 convenire
1167 1677 1375 1744 Folkesmote
1389 1679 1430 1744 ad

282 1799 409 1844 crucem
423 1777 534 1842 Sancti
545 1776 648 1857 Pauli,
660 1777 717 1842 ubi
728 1777 888 1842 missurus
898 1789 967 1844 erat
977 1778 999 1843 J
1001 1779 1145 1843 ohannes
1158 1779 1320 1858 Maunsel,
1329 1790 1364 1844 et
1377 1779 1431 1846 alii

282 1880 322 1944 de
333 1878 468 1946 consilio
483 1899 542 1942 suo
554 1877 594 1942 ad
606 1879 834 1964 inquirendum
843 1903 862 1944 a
872 1881 1066 1960 Commune,
1077 1881 1105 1946 si
1114 1881 1187 1946 talis
1198 1891 1285 1947 esset
1294 1903 1431 1950 consue·

281 1982 361 2046 tudo
383 1981 522 2044 illorum.
568 1980 643 2046 Quo
668 1981 730 2062 die,
756 1981 879 2048 scilicet
903 1983 956 2048 die
983 1983 1111 2064 Martis,
1134 1993 1294 2050 venerunt
1317 2007 1431 2052 omnes

281 2083 492 2150 Aldermanni
515 2092 549 2147 et
574 2082 672 2148 Cives
694 2082 736 2149 ad
759 2104 889 2150 crucem
914 2084 1027 2150 Sancti
1051 2086 1153 2151 Pauli.
1207 2085 1293 2152 Cum
1320 2097 1431 2154 autem

280 2187 417 2273 predicti
429 2207 486 2250 sex
497 2184 558 2249 viri
572 2183 766 2250 occasionati
789 2209 809 2250 a
824 2187 912 2272 Rege
923 2187 1153 2254 intellexerunt
1167 2209 1226 2273 per
1247 2209 1430 2256 murmura·

278 2290 402 2354 tionem
416 2285 540 2372 populi,
555 2286 643 2372 quod
658 2286 721 2372 ipsi
745 2289 871 2354 nollent
893 2289 1049 2358 advocare
1072 2291 1310 2357 Aldermennos
1331 2291 1368 2356 in
1381 2312 1431 2357 re·

279 2413 401 2476 sponso
415 2411 474 2476 per
487 2390 560 2455 illos
575 2390 660 2456 facto
676 2411 784 2456 coram
801 2391 900 2476 Rege,
915 2391 978 2477 ipsi
993 2403 1198 2458 accesserunt
1213 2392 1254 2455 ad
1268 2391 1353 2471 illos,
1375 2392 1431 2478 qui

279 2493 400 2558 missia
416 2492 504 2576 Rege
519 2501 622 2572 erant,
637 2502 715 2558 tunc
730 2492 906 2558 existentes
922 2493 956 2558 in
971 2494 1070 2560 domo
1085 2495 1254 2580 cujusdam
1271 2494 1430 2562 Cauonici

278 2595 319 2660 de
336 2594 454 2659 Sancto
472 2593 583 2673 Paulo,
597 2605 631 2657 ct
645 2595 798 2660 dixerunt
812 2596 900 2681 quod
923 2596 1096 2662 noluerunt
1111 2609 1223 2665 contra
1245 2597 1429 2664 Dominum

281 2698 404 2782 Regem
433 2696 585 2781 placitare
597 2721 607 2774 3
642 2696 699 2761 sed
721 2707 901 2781 posuerunt
927 2720 962 2762 se
985 2698 1020 2760 in
1049 2698 1267 2763 misericordie
1293 2699 1429 2764 Domini

278 2799 387 2883 Regis,
401 2807 570 2884 precantes
586 2806 625 2861 ut
639 2799 711 2861 Rex
726 2799 844 2862 laceret
857 2798 976 2882 inquiri
990 2819 1049 2882 per
1074 2820 1155 2883 quos
1170 2797 1268 2862 vellet
1283 2799 1324 2864 de
1340 2800 1428 2864 Civi-

276 2911 355 2980 tate,
370 2902 398 2965 si
411 2900 476 2986 ipsi
491 2909 600 2964 essent
614 2899 649 2962 in
664 2897 770 2981 aliquo
786 2897 962 2982 culpabiles
978 2900 1019 2963 de
1033 2899 1141 2983 aliquo
1157 2898 1301 2978 crimine,
1317 2910 1427 2969 tamen

278 3005 375 3069 salvis
390 3004 437 3068 eis
452 3013 486 3066 et
500 3002 571 3066 aliis
587 2997 722 3067 Civibus
733 2997 936 3064 libertatibus
957 3001 1035 3066 suis.
1073 3000 1139 3066 Qui
1155 2999 1330 3065 noluerunt
1346 3023 1425 3068 con-

276 3104 390 3170 cedere
412 3105 459 3168 eis
485 3103 624 3188 aliquam
646 3100 900 3186 inquisitionem.
947 3101 1016 3166 Illis
1041 3101 1177 3168 veroin
1207 3100 1426 3170 misericordie

277 3206 375 3290 Regis
401 3204 625 3284 existentibus,
647 3203 817 3270 Johennes
849 3204 980 3271 Mansel
1001 3204 1108 3270 etalii
1129 3227 1148 3268 e
1169 3202 1313 3270 Domino
1337 3207 1424 3292 Rege

275 3307 378 3385 missi,
393 3314 552 3371 venerunt
575 3307 617 3371 ad
644 3326 771 3372 crucem
787 3305 898 3372 Sancti
925 3306 1037 3385 Pauli3
1064 3327 1202 3392 quorum
1226 3328 1323 3386 unus,
1338 3309 1423 3374 facto

274 3409 396 3475 blendo
412 3430 560 3476 sermone
574 3417 609 3474 et
623 3408 714 3493 quasi
730 3407 937 3492 predicando,
954 3407 1147 3493 promittens
1169 3409 1291 3493 populo
1314 3411 1424 3476 omnia

269 3515 344 3600 jure
358 3534 470 3578 eorum
486 3521 519 3576 et
533 3511 696 3576 libertates
712 3533 731 3576 a
746 3510 890 3578 Domino
906 3510 996 3595 Rege
1010 3509 1117 3574 illesas
1132 3511 1325 3590 conservari,
1340 3513 1422 3578 dixit

272 3616 333 3680 “si
349 3615 485 3679 ballivus
507 3614 559 3678 vel
581 3613 690 3677 ballivi
713 3633 826 3677 eorum
846 3611 967 3696 injuste
988 3611 1061 3675 illos
1082 3611 1210 3676 mactati
1234 3613 1372 3678 fuissent
1387 3625 1421 3682 et

272 3716 376 3784 mults
400 3715 484 3780 mala
499 3725 533 3780 et
554 3715 695 3799 dampna
717 3714 762 3778 eis
782 3722 817 3777 et
839 3713 973 3778 Civitati
995 3713 1193 3792 intulissent,
1221 3717 1362 3800 supponi
1385 3717 1419 3782 in

272 3818 329 3882 teli
344 3840 430 3894 casu,
442 3817 621 3882 secundum
632 3818 735 3902 legem
749 3815 899 3880 Civitatis
910 3815 1065 3881 deberent
1076 3837 1110 3882 se
1122 3814 1294 3882 defendere
1305 3839 1419 3884 versus

274 3920 395 4002 Regem
411 3920 451 3982 de
467 3929 554 3984 secta
569 3942 628 3983 sua
649 3939 707 4004 per
722 3917 892 3982 duodecim
907 3918 994 3982 viros
1013 3919 1150 4002 juratos,
1165 3927 1199 3982 et
1212 3939 1325 3984 versus
1342 3941 1419 3984 con-

272 4020 359 4086 cives
375 4041 451 4084 suos
466 4041 524 4104 per
539 4041 596 4085 sex
609 4021 707 4097 viros,
722 4031 755 4084 et
776 4020 821 4083 ita
843 4018 883 4083 ab
903 4019 1111 4104 impositione
1133 4019 1219 4083 illius
1241 4029 1418 4105 transgres-

273 4122 449 4188 sionislore
459 4121 599 4206 quieti?”
644 4120 698 4183 Ad
712 4120 800 4205 quod
808 4141 1000 4205 responsum
1015 4121 1087 4200 fuit,
1103 4121 1192 4186 nullo
1201 4130 1310 4188 tamen
1319 4123 1418 4188 collo·
