3856 5038
469 558 547 624 lxxx
978 579 1156 624 ιιιιιιιοι.

508 731 607 791 Under
620 730 669 788 the
683 729 786 788 second
799 731 862 790 writ
875 729 954 789 these
967 731 1073 790 several
1087 731 1265 808 inquisition!
1279 747 1351 787 were
1364 727 1457 797 mlen,
1472 728 1506 786 ol'
1516 727 1606 786 which
1620 727 1668 785 the

466 828 529 886 first
542 828 566 884 is
579 828 625 884 for
638 827 687 885 the
700 847 799 886 manor
813 829 847 886 oi
858 826 1035 904 Addington,
1049 849 1121 886 com.
1137 828 1251 904 Surrey.

508 924 688 999 “Inquisitio
712 934 793 1002 capta
820 925 895 1002 apud
919 924 1074 1003 Croyndon
1102 925 1147 982 die
1177 924 1292 984 Sabbati
1316 924 1447 999 proximo
1474 931 1540 980 ante
1562 923 1666 980 lesum

466 1021 657 1078 translationis
678 1023 768 1080 sancti
783 1022 893 1080 Thorne
916 1022 1045 1080 Martiris
1060 1020 1096 1102 (5
1110 1019 1207 1100 tuly),
1227 1039 1302 1079 anno
1323 1021 1402 1096 regni
1424 1019 1513 1096 Regis
1536 1017 1667 1076 Edwardi

465 1119 579 1194 xx⁰per,
590 1121 642 1177 hc.
670 1119 727 1184 Qui
736 1119 833 1177 dicunt
842 1137 926 1196 super·
940 1128 1145 1177 sacramentum
1160 1137 1242 1176 suum
1255 1117 1331 1193 quod
1345 1117 1464 1194 ospitale
1477 1117 1667 1192 messuaginrn

465 1233 531 1272 cum
545 1215 664 1291 gardino
677 1216 712 1273 de
725 1217 851 1274 manerio
870 1215 905 1274 do
920 1214 1058 1295 Adynton
1071 1215 1148 1272 valet
1167 1235 1217 1292 per
1237 1233 1343 1272 annum
1356 1233 1374 1270 v
1389 1213 1502 1278 solidos,
1516 1212 1593 1289 quod
1605 1211 1667 1289 qni·

464 1311 529 1369 dem
542 1313 696 1370 manerium
710 1312 875 1388 Margarets
884 1312 918 1370 de
933 1312 1066 1390 Rypariis
1085 1312 1237 1371 eomitissa
1252 1311 1382 1368 Devonie
1395 1311 1496 1368 tenuit.
1516 1305 1665 1387 (Extent.)

466 1409 540 1467 Item
563 1409 687 1466 redditus
710 1411 793 1468 assisi
813 1409 901 1466 libere
924 1411 1081 1466 tenentium
1103 1409 1137 1466 de
1162 1408 1320 1487 Adyngton
1338 1408 1407 1467 lise.
1427 1407 1480 1466 vd.
1501 1407 1545 1466 ol.
1593 1405 1666 1463 ltem

464 1505 588 1563 redditus
607 1506 687 1563 annisi
706 1506 792 1564 libere
812 1507 968 1563 tenentium
989 1505 1024 1562 de
1038 1505 1230 1572 Crowchnrst,
1245 1525 1300 1581 que
1320 1513 1364 1562 est
1384 1505 1526 1581 pertinens
1546 1502 1584 1560 ad
1603 1521 1665 1578 pre-

464 1602 570 1660 dictum
584 1603 739 1660 manerium
752 1621 799 1662 xa.
812 1602 867 1661 nd.
908 1602 980 1660 Item
1001 1601 1128 1660 redditus
1144 1603 1230 1659 libere
1244 1603 1399 1660 tenentium
1411 1603 1440 1658 in
1455 1599 1665 1678 Waldynghnm

465 1717 520 1775 que
534 1706 578 1756 est
590 1699 734 1774 pertinens
747 1699 784 1756 ad
797 1699 870 1756 idem
884 1700 1040 1756 manerium
1053 1700 1109 1758 xie.
1123 1707 1152 1756 et
1166 1699 1239 1756 undo
1252 1699 1326 1756 idem
1344 1699 1499 1756 manerium
1513 1697 1604 1754 reddit
1617 1715 1666 1772 per

464 1891 609 1971 Wykham
628 1911 800 1969 perannum
818 1894 891 1951 iiiid.
905 1903 934 1950 et
947 1894 1002 1951 xis.
1027 1902 1057 1950 et
1069 1893 1124 1950 lid.
1136 1894 1173 1951 ad
1194 1893 1300 1950 curiam
1319 1892 1353 1950 de
1373 1891 1560 1959 Immeworth,
1577 1901 1606 1948 et
1619 1912 1665 1949 vs.

464 1989 501 2047 ad
514 1991 622 2048 curiam
635 1989 670 2046 do
690 1988 831 2065 Farnlegh
849 2009 899 2066 per
917 2008 1031 2046 annum.
1072 1989 1113 2047 Et
1124 1990 1181 2049 xis.
1194 1989 1342 2047 solvendos
1363 1990 1489 2046 lloberto
1512 1988 1616 2046 Russel
1636 1995 1664 2046 ct

465 2085 555 2143 Priori
570 2085 604 2142 de
620 2085 745 2153 Suwerk,
759 2087 823 2143 vid.
865 2085 903 2142 Et
917 2086 992 2143 valet
1008 2087 1165 2143 manerium
1184 2087 1338 2162 predictum
1353 2087 1388 2144 de
1402 2087 1478 2144 claro
1491 2087 1520 2142 in
1535 2085 1664 2142 omnibus

464 2183 594 2250 exitibus,
611 2183 739 2240 initiis.
759 2191 788 2239 et
805 2181 867 2240 vid.
910 2181 949 2240 Et
965 2182 1062 2241 dicunt
1082 2182 1159 2258 quod
1176 2182 1342 2260 Margareta
1361 2183 1396 2241 de
1416 2183 1548 2262 Rypariis
1568 2182 1665 2242 Comi·

463 2280 533 2336 tissa
547 2279 684 2345 Devonie‚
699 2277 840 2346 defanata,
854 2280 944 2336 tenuit
962 2279 1119 2356 predictum
1138 2282 1292 2338 manerium
1307 2283 1335 2338 in
1356 2282 1450 2338 dotem
1464 2281 1498 2338 de
1512 2280 1663 2337 donatione

465 2374 585 2434 Roberti
600 2375 727 2451 Aguilon
743 2375 877 2444 defuncti,
900 2378 949 2452 qui
970 2376 1040 2434 illud
1061 2378 1217 2436 manerium
1239 2379 1328 2435 tenuit
1346 2379 1380 2436 de
1402 2378 1514 2436 domIno
1540 2375 1619 2454 Rege
1633 2378 1662 2433 in

463 2472 554 2546 capite
568 2490 619 2548 per
632 2471 781 2530 servicium
796 2471 877 2529 unius
890 2473 991 2531 ferculi
1005 2473 1050 2531 die
1071 2475 1264 2532 coronacionis
1278 2475 1382 2532 domini
1393 2474 1489 2550 Regis,
1504 2483 1532 2532 et
1546 2483 1663 2531 vocatur

463 2567 535 2624 illud
542 2566 681 2625 ferculum
692 2567 921 2647 Maupygernon.
956 2569 996 2629 Et
1006 2571 1104 2628 dicunt
1112 2571 1189 2647 quod
1197 2571 1327 2638 Isabella‚
1338 2571 1395 2630 lilia
1406 2571 1524 2629 Roberti
1536 2571 1662 2647 Agulon,

463 2665 691 2740 quemdominus
706 2664 736 2720 H
741 2685 797 2742 ugo
820 2666 941 2724 Bardoli
959 2667 1148 2745 desponsavit,
1170 2677 1215 2725 est
1238 2669 1419 2745 propinquior
1441 2668 1523 2725 heres
1545 2666 1662 2744 predicti

464 2760 591 2829 Roberti‚
605 2769 633 2818 et
646 2769 689 2817 est
702 2762 785 2818 etatis
798 2763 914 2838 triginta
927 2782 1074 2820 annomnr.
1116 2763 1151 2822 Ιιι
1165 2763 1274 2840 cujus,¹'
1289 2769 1340 2824 icc.

505 2858 551 2918 Sir
576 2859 685 2917 Robert
699 2858 836 2937 Aguylon
850 2859 943 2917 would
964 2860 1037 2918 have
1060 2858 1118 2917 had
1139 2878 1177 2916 an
1200 2861 1381 2938 opportunity
1395 2859 1428 2918 oi
1449 2859 1597 2934 executing
1615 2857 1663 2916 the

462 2955 542 3014 office
556 2957 590 3014 οἰ
600 2956 722 3032 coolring
735 2956 793 3015 this
807 2955 870 3014 dish
884 2957 930 3014 for
946 2957 1024 3032 King
1036 2955 1159 3013 Edward
1173 2955 1198 3013 1.
1210 2965 1241 3013 at
1254 2955 1298 3012 his
1312 2957 1476 3012 coronation
1490 2975 1526 3012 on
1538 2955 1664 3035 Sunday,

465 3054 533 3112 l9th
557 3054 590 3111 of
610 3055 735 3130 August,
757 3053 844 3120 1274,
858 3053 910 3110 but
931 3052 994 3109 how
1011 3051 1094 3108 mode
1114 3071 1160 3128 up,
1180 3071 1212 3108 or
1231 3051 1264 3108 oi
1279 3051 1354 3108 what
1375 3052 1399 3107 it
1421 3051 1562 3108 consisted
1585 3053 1663 3110 inde·

460 3151 582 3227 pendent
594 3150 628 3207 of
638 3150 687 3207 the
702 3147 819 3225 stuffing
833 3145 995 3204 wherevvith
1008 3147 1058 3203 tho
1071 3153 1148 3202 meat
1161 3164 1218 3202 was
1232 3145 1373 3202 ommmed
1388 3165 1420 3201 or
1433 3144 1533 3214 fahed,
1548 3145 1600 3204 has
1613 3159 1663 3208 not

460 3265 540 3303 come
553 3244 634 3302 down
649 3253 679 3302 to
692 3244 845 3321 posterity;
867 3243 901 3300 οἰ
917 3243 955 3298 its
968 3249 1091 3298 extremo
1104 3241 1244 3319 antiquity
1258 3240 1337 3297 there
1356 3261 1408 3298 can
1421 3243 1457 3299 be
1470 3261 1507 3298 no
1521 3241 1617 3314 doubt,
1630 3265 1663 3302 as

459 3341 509 3399 the
522 3340 667 3416 following
680 3347 789 3397 extract
802 3339 877 3396 from
896 3337 1063 3416 Domasday
1076 3356 1178 3415 proves
1198 3337 1261 3396 that
1281 3337 1338 3396 this
1359 3358 1459 3397 monor
1473 3358 1528 3397 was
1543 3340 1663 3417 manisd

462 3445 492 3496 to
506 3436 550 3495 his
565 3437 644 3506 coolr,
659 3436 822 3495 Tenelinua.

502 3531 638 3592 “Sudrie.
688 3533 723 3591 ln
745 3533 879 3591 Waleton
903 3533 1052 3591 Hundred.
1101 3533 1261 3604 Tenelium,
1283 3553 1401 3611 coquus,
1424 3543 1501 3592 tenet
1524 3535 1558 3592 de
1583 3534 1662 3611 Rege

462 3631 612 3688 Edintone.
653 3631 761 3690 Godn'c
774 3632 866 3688 tenuit
878 3631 914 3690 de
934 3632 1014 3709 Rege
1035 3631 1245 3708 E[duuardo].
1287 3631 1370 3688 Tunc
1384 3651 1414 3689 ae
1427 3632 1596 3689 defendebat
1609 3651 1661 3708 pro

461 3728 509 3785 viii
522 3727 605 3796 hidis,
620 3728 704 3785 modo
718 3747 769 3805 pro
783 3747 839 3786 una
853 3728 929 3788 hida.
971 3728 1060 3787 Terra
1079 3738 1123 3787 est
1136 3731 1177 3787 iiii
1196 3749 1368 3787 canicorum.
1410 3729 1446 3787 In
1459 3728 1582 3786 dominio
1596 3738 1662 3786 sunt

460 3825 480 3880 ii
499 3843 607 3894 oaruoe,
625 3827 673 3883 viii
691 3825 797 3896 villani,
822 3835 851 3884 et
871 3827 899 3884 ix
918 3827 1016 3884 cotarii
1035 3847 1100 3884 cnm
1121 3827 1141 3884 ii
1165 3827 1273 3884 camois
1294 3835 1324 3884 et
1341 3825 1466 3884 dimidio.
1522 3826 1600 3886 Silva
1627 3825 1662 3882 de

461 3939 497 3978 xx
511 3921 613 3996 porcis.
656 3923 741 3982 Volet
754 3931 783 3981 et
798 3922 887 3982 valuit
901 3944 917 3980 c
932 3923 1064 3982 solidos?

503 4017 677 4091 Crowhurst,
701 4020 913 4097 Waldingham,
938 4020 994 4079 and
1016 4021 1117 4101 Farley
1139 4041 1187 4080 aro
1210 4022 1365 4100 parishes'
1359 4042 1388 4079 ιιι
1409 4022 1458 4080 the
1478 4019 1607 4078 hundred
1631 3955 1665 4076 of
