3920 5022
564 617 823 662 vicaconivun
849 617 1136 662 nonnonvnaun.
1184 640 1190 650 -
1378 602 1418 658 41

269 775 359 832 tores
382 765 544 846 Civitatis,
559 777 721 853 quotquot
734 768 859 834 inventi
873 770 1016 847 fuerunt,
1032 789 1105 832 eum
1121 765 1259 850 panibus
1275 765 1362 844 auis3
1377 765 1423 830 ita

272 871 358 954 quod
424 891 575 954 rpaucos
599 870 696 934 Cives
718 881 926 952 convocatos,
949 894 1058 937 coram
1080 869 1160 954 ipsis
1175 871 1307 932 fuerunt
1321 889 1422 952 panes

271 893 423 1052 ipsoffldt
442 968 627 1052 adjudicati,
650 978 683 1032 et
703 968 750 1032 illi
774 991 910 1054 quorum
936 992 1037 1055 panes
1066 993 1132 1035 non
1161 970 1423 1055 ponderaverunt

271 1068 450 1134 secundum
469 1091 620 1154 aasayum
637 1069 786 1135 Civitatis
800 1093 867 1136 non
886 1073 1020 1136 fuerunt
1034 1074 1133 1158 positi
1147 1075 1181 1136 in
1197 1071 1323 1158 pillorio
1339 1073 1424 1137 sicut

271 1181 367 1234 antea
391 1169 550 1249 solebant,
580 1172 637 1235 sed
663 1192 723 1255 pro
746 1173 913 1239 voluntate
942 1174 1161 1257 predictorum
1185 1173 1360 1238 Justitiarii
1389 1184 1423 1239 et

273 1270 423 1350 Comitis,
452 1282 565 1338 contra
594 1273 757 1358 antiquam
788 1277 1056 1340 consuetudinem
1081 1275 1230 1342 Civitatis
1259 1286 1293 1340 et
1320 1277 1422 1340 totius

271 1375 373 1458 regni,
388 1374 520 1438 exaltati
534 1376 667 1440 suerunt
680 1376 715 1439 in
731 1375 932 1441 tumberella.

317 1475 391 1541 Hoc
406 1499 492 1542 anno
506 1477 541 1540 in
563 1476 699 1542 Octabis
726 1478 968 1557 Innocentium,
991 1501 1066 1544 cum
1092 1480 1228 1545 clamata
1246 1479 1309 1543 fuit
1323 1480 1424 1544 assisa

272 1579 404 1643 devino
430 1588 464 1642 et
488 1578 623 1642 cervisia
648 1579 682 1642 in
708 1578 859 1658 Civitatc,
879 1582 1094 1664 proclamator
1110 1581 1260 1644 Civitatis
1275 1582 1425 1645 clamavit

272 1680 361 1744 illam
375 1680 510 1744 assisam
533 1688 601 1744 tam
616 1690 707 1745 extra
731 1691 860 1765 portam
881 1683 1041 1766 petrinam
1061 1683 1156 1747 sitam
1171 1705 1269 1768 super
1285 1685 1424 1749 Pontem

275 1781 519 1846 Londoniavum
535 1803 631 1865 quam
647 1781 723 1846 alibi
738 1782 772 1845 in
789 1782 944 1848 suburbio
957 1783 1117 1850 Civitatis.

320 1883 395 1948 Hoc
416 1905 502 1948 anno
517 1882 681 1947 Dominus
697 1883 866 1965 Ricardus,
880 1886 951 1950 Rex
960 1886 1162 1965 Alemannie,
1176 1887 1273 1950 frater
1288 1886 1424 1952 Domini

276 1984 459 2070 Regianum
475 1985 598 2070 Regina
612 2007 671 2050 sua
685 1995 719 2051 et
729 1986 839 2050 liberis
855 1987 922 2052 suis
945 1988 1078 2052 veniens
1090 2008 1149 2073 per
1168 1987 1307 2052 mediam
1324 1989 1424 2052 Fran-

276 2087 360 2152 ciam
370 2087 591 2152 transfretavit
599 2097 634 2151 et
644 2087 800 2174 applicuit
814 2090 901 2173 apud
911 2089 1098 2169 Davanam,
1113 2090 1191 2155 etin
1200 2089 1317 2174 Vigilia
1334 2090 1424 2154 Puri-

275 2189 435 2254 ficationia
446 2189 540 2254 beata
551 2190 657 2255 Maria
670 2190 762 2255 venit
772 2191 964 2268 Londoniis,
975 2190 1115 2256 Civitate
1127 2189 1249 2276 optime
1263 2201 1424 2257 attomata

274 2300 309 2357 et
323 2293 491 2357 curtinata.

320 2395 396 2459 Hoc
410 2417 496 2459 anno
511 2395 563 2462 die
577 2395 671 2461 Lune
682 2404 758 2461 ante
766 2397 886 2460 festum
899 2395 1010 2461 Sancti
1022 2394 1172 2481 Gregorii
1180 2396 1347 2482 provisum
1363 2396 1426 2460 fuit

275 2497 311 2562 in
327 2497 490 2563 Gildhalle
503 2499 589 2564 inter
598 2499 622 2564 J
623 2499 739 2579 udicia,
752 2498 882 2584 quando
897 2498 1012 2584 aliquis
1028 2499 1179 2564 detulerit
1194 2507 1425 2564 testamentum

277 2601 411 2685 alicujus
442 2601 586 2666 defuncti
615 2601 656 2665 ad
685 2602 891 2684 probandum
927 2602 962 2666 in
1001 2602 1179 2686 Hustingo,
1201 2601 1278 2666 licet
1311 2601 1426 2686 aliquis

279 2702 534 2787 calumpnaverit
569 2702 690 2787 aliquid
725 2701 809 2787 juris
841 2703 876 2765 in
902 2712 1089 2766 tenemento
1121 2724 1180 2785 per
1210 2702 1290 2776 illud
1327 2712 1427 2766 testa·

278 2815 425 2870 mentum
439 2805 557 2890 legato,
572 2805 792 2869 nonobstante
807 2804 862 2867 illa
873 2803 1066 2888 calumpnia,
1090 2804 1200 2866 statim
1215 2803 1360 2886 capiatur
1373 2803 1428 2867 illa

278 2905 439 2991 probatio,
455 2906 545 2970 salvo
564 2915 674 2968 tamen
686 2905 760 2988 jure
775 2903 959 2988 cujuslibet.
997 2904 1081 2966 Nam
1097 2903 1152 2966 illa
1166 2903 1313 2986 probatio
1329 2903 1429 2968 nichil

279 3007 427 3085 ratificat,
441 3007 505 3070 nisi
518 3005 667 3070 ultimam
693 3004 894 3070 voluntatem
919 3003 1073 3068 defuncti.
1119 3004 1171 3068 Ita
1193 3003 1282 3088 quod
1301 3004 1428 3067 nonob-

280 3117 387 3173 stante
401 3109 456 3173 illa
469 3107 670 3192 probatione,
693 3105 829 3193 quilibet
850 3107 905 3192 qui
924 3108 980 3192 jus
1005 3106 1104 3171 habet
1119 3107 1153 3170 in
1168 3114 1356 3170 tenemento
1371 3127 1429 3190 per

281 3211 362 3275 illud
401 3219 634 3275 testamentum
668 3211 774 3296 legato
804 3209 985 3296 paralium
1015 3233 1112 3296 quam
1140 3230 1200 3296 per
1228 3217 1429 3287 testatorem,

279 3314 401 3401 poterit
413 3313 494 3378 illud
508 3323 617 3399 petere
638 3336 697 3401 per
718 3314 816 3379 breve
839 3315 880 3380 de
900 3323 1001 3393 recto,
1026 3313 1078 3379 vel
1100 3333 1159 3398 per
1183 3321 1332 3377 naturam
1357 3311 1430 3376 bre-

280 3419 331 3483 vis
358 3418 398 3483 de
419 3418 565 3497 introitu,
588 3417 656 3482 sive
670 3438 728 3503 per
742 3426 890 3482 naturam
912 3417 1019 3482 brevis
1042 3416 1082 3480 de
1098 3425 1203 3480 morte
1217 3414 1430 3478 antecessoris

281 3520 412 3585 alterius
427 3541 524 3604 quam
542 3519 717 3597 testatoris,
737 3517 805 3584 sive
824 3539 883 3603 per
906 3517 1146 3603 queremoniam
1166 3516 1206 3581 de
1229 3515 1431 3596 intrusione3

282 3632 334 3688 set
355 3631 463 3687 tamen
490 3621 576 3706 qubd
599 3621 815 3707 queremonia,
837 3643 900 3706 que
916 3621 1002 3685 fiunt
1021 3619 1089 3684 sine
1112 3619 1222 3696 breve,
1243 3618 1324 3682 fiant
1348 3618 1432 3682 infra

282 3725 457 3790 terminum
473 3724 651 3788 secundum
667 3724 918 3789 consuetudines
935 3723 1083 3788 Civitatis
1097 3721 1244 3786 usitatas.

329 3827 404 3890 Hoc
426 3849 512 3890 anno
529 3827 697 3911 provisum
715 3827 779 3891 fuit
801 3835 835 3891 et
854 3836 1013 3892 statutam
1034 3825 1122 3912 quod
1137 3824 1247 3889 omnia
1260 3822 1378 3908 placita
1394 3822 1434 3886 de

286 3926 403 3991 debitis
423 3937 595 3994 teneantur
606 3951 715 3995 coram
723 3929 978 3996 vicecomitibus
993 3938 1121 3994 tantum
1136 3928 1176 3991 de
1193 3924 1328 3990 Civibus
1344 3925 1435 3988 Lon-

287 4029 467 4093 doniarum.
523 4031 649 4095 Eodem
676 4052 762 4096 anno
789 4040 865 4096 ante
895 4031 1052 4095 Pascham
1081 4028 1233 4094 inchoata
1261 4026 1323 4090 fuit
1350 4047 1435 4090 nova

329 4150 539 4196 cannaco.
1239 4150 1262 4192 a
