3920 5022
552 611 597 675 46
912 627 1074 676 cnoruce
1097 627 1275 677 uaronuu
1298 632 1345 677 nr

551 777 651 845 nichil
664 779 797 860 habent,
810 789 845 847 et
858 779 976 867 placita
996 781 1036 846 de
1050 779 1339 848 consuetudinibus
1353 791 1387 848 et
1401 783 1554 865 serviciis,
1567 785 1703 870 placita-

552 892 664 948 rentur
677 883 733 947 illo
750 883 814 964 die,
828 905 893 968 quo
908 883 1026 970 plecits
1039 883 1225 948 communie
1238 893 1400 951 tenentur.

595 985 722 1051 Eodem
731 1007 828 1064 suno,
836 995 913 1072 post
928 985 1188 1052 Purificaticnem
1199 985 1294 1052 beate
1309 988 1413 1054 Meris
1424 989 1515 1054 venit
1528 990 1600 1054 Rex
1610 990 1700 1055 Lon-

552 1087 670 1166 doniis,
691 1097 726 1151 et
749 1097 864 1172 postea
885 1086 937 1152 die
960 1086 1134 1153 Dominica
1156 1097 1232 1152 ante
1254 1087 1375 1154 testum
1399 1089 1511 1156 Sancti
1525 1089 1700 1169 Valentini,

550 1189 627 1254 fecit
640 1189 812 1256 convenire
823 1189 1013 1255 Folksmots
1025 1190 1067 1255 ad
1080 1211 1208 1257 crucem
1220 1189 1330 1255 Sancti
1346 1191 1449 1271 Pauli,
1459 1190 1515 1256 ubi
1529 1191 1600 1276 ipse
1610 1190 1701 1255 venit

550 1299 585 1356 et
596 1291 666 1356 Rex
675 1291 878 1372 Alamannia,
888 1290 1161 1376 Archiepiscopus
1174 1291 1357 1371 Csntuarie,
1368 1293 1391 1358 J
1392 1293 1536 1358 ohannes
1549 1291 1702 1356 Meunsel

550 1401 585 1457 et
606 1391 701 1458 multi
723 1391 787 1457 alii.
843 1392 919 1478 lpse
933 1415 1010 1458 vero
1034 1395 1107 1458 Rex
1123 1393 1268 1479 precepit
1279 1404 1319 1460 ut
1332 1417 1446 1462 omnes
1457 1397 1498 1461 de
1512 1406 1597 1461 etate
1619 1397 1700 1460 duo·

551 1492 654 1560 decim
669 1515 829 1560 annorum
843 1503 877 1560 et
891 1494 1029 1580 mplius
1050 1516 1159 1560 eornm
1183 1495 1403 1559 Aldermsnno
1427 1515 1486 1559 suo
1509 1493 1543 1558 in
1566 1493 1701 1578 singulis

550 1597 682 1662 Wartlis
693 1598 858 1683 jurassent
871 1597 940 1662 iore
954 1596 1066 1661 fideles
1077 1595 1270 1682 eiquamdiu
1279 1594 1412 1672 vireret,
1423 1603 1457 1658 et
1470 1602 1546 1679 post
1560 1603 1699 1658 mortem

551 1699 621 1784 ejus
634 1698 745 1764 heredi
765 1721 844 1780 suo;
866 1709 901 1766 et
927 1699 974 1764 sic
997 1701 1119 1765 ieetmn
1142 1699 1214 1764 fuit.
1257 1698 1351 1762 'lunc
1365 1695 1472 1760 clause
1486 1706 1699 1760 contemnes

550 1810 644 1886 porte
659 1800 809 1866 Civitatis
825 1801 866 1868 de
883 1801 936 1867 die
959 1809 993 1866 et
1017 1811 1116 1867 nocte
1137 1823 1196 1886 per
1216 1806 1406 1887 preceptum
1426 1797 1535 1882 Regis,
1556 1795 1699 1881 exceptis

550 1912 645 1988 porta
658 1903 779 1988 pontis,
794 1913 889 1989 porte
903 1905 943 1969 de
966 1903 1115 1989 Ludgste
1130 1914 1164 1970 et
1177 1911 1271 1989 porta
1290 1900 1331 1965 de
1355 1899 1499 1984 Alegete,
1514 1919 1577 1984 que
1592 1898 1633 1964 de
1647 1899 1700 1964 die

553 2013 630 2070 sunt
640 2015 761 2090 aperte,
776 2015 810 2070 et
822 2005 1011 2071 hominibus
1023 2005 1154 2071 minatis
1167 2003 1250 2070 bene
1261 2001 1397 2068 munite.

596 2106 859 2186 Memorandum‚
880 2107 967 2192 quod
982 2107 1045 2171 hoc
1058 2128 1145 2171 anno
1160 2106 1195 2171 in
1216 2105 1370 2171 nundinis
1392 2103 1640 2189 Norhamptone
1664 2104 1699 2168 in

499 2209 526 2241 c
551 2231 618 2274 uno
633 2208 787 2274 conflictu
800 2209 886 2274 iuter
905 2209 1153 2274 londonienses
1168 2217 1203 2274 et
1220 2208 1371 2274 homines
1386 2208 1427 2272 de
1448 2206 1699 2292 Norhamptona

551 2311 647 2392 iacto,
675 2311 808 2376 fuerunt
827 2311 1010 2398 quidamde
1025 2312 1242 2376 Norhantona
1255 2310 1427 2390 vulnerati,
1452 2330 1590 2395 quoram
1612 2331 1697 2374 unus

413 2403 435 2434 '³
550 2423 663 2497 posteo
674 2421 822 2476 mortuus
836 2421 887 2477 est
894 2436 905 2492 3
928 2421 979 2477 set
991 2422 1102 2476 utrum
1115 2412 1186 2496 ipse
1200 2432 1241 2475 ex
1251 2411 1306 2476 illc
1318 2409 1441 2475 lesione
1454 2411 1507 2476 vel
1520 2421 1624 2477 morte
1639 2433 1699 2477 soe

549 2515 686 2580 natiuali
702 2513 784 2579 obiit
796 2514 950 2580 nescitur.
995 2514 1111 2579 Ballivi
1122 2523 1230 2578 autem
1244 2513 1330 2577 illius
1341 2512 1427 2593 ville,
1438 2513 1493 2600 qui
1508 2536 1635 2600 semper
1649 2514 1699 2578 in·

548 2615 660 2682 vident
675 2614 971 2694 Londoniensibus,
982 2624 1138 2700 ceperunt
1149 2623 1286 2699 quatuor
1296 2613 1445 2680 homines
1457 2615 1498 2679 de
1509 2615 1700 2696 londoniis,

425 2741 429 2749 ’
547 2719 753 2804 imponentes
768 2717 815 2782 eis
838 2727 975 2782 mortem
991 2718 1089 2796 illam,
1105 2726 1139 2782 et
1152 2717 1225 2782 illos
1239 2717 1527 2792 incarceraverunt,
1541 2726 1576 2782 et
1588 2717 1699 2782 omnia

546 2819 634 2885 bono
647 2819 776 2884 illorum
796 2827 830 2884 et
851 2818 987 2884 aliorum
1009 2821 1049 2884 de
1072 2817 1252 2883 Londoniis
1277 2827 1508 2883 arestaverunt
1554 2819 1630 2885 Quo
1643 2839 1701 2882 su-

548 2923 617 2988 dito
633 2922 741 2988 Moior
755 2934 789 2988 et
813 2921 922 3001 Cives,
937 2922 1012 3007 quia
1037 2923 1145 2987 nullus
1170 2919 1409 2985 Londoniensis
1432 2919 1530 2984 debet
1546 2921 1699 3004 plscitsre

548 3035 639 3091 extra
653 3046 763 3089 muros
779 3023 940 3103 Civitatis,
954 3033 1063 3108 preter
1076 3023 1193 3108 plscita
1208 3022 1248 3086 de
1263 3022 1386 3086 tenuris
1400 3021 1622 3100 exterioribus,
1636 3023 1699 3086 im·

548 3134 757 3212 petraverunt
770 3125 893 3190 litteras
908 3125 1010 3208 regies
1025 3125 1066 3189 ad
1080 3124 1153 3188 illos
1168 3123 1352 3187 liberandos
1368 3122 1496 3201 Maiori,
1511 3123 1563 3188 vel
1577 3123 1697 3188 nuncio

550 3249 609 3291 suo
624 3227 784 3310 predictos
809 3224 933 3288 litteras
948 3224 1116 3301 deferenti,
1131 3223 1238 3287 standi
1260 3223 1302 3288 ad
1323 3233 1448 3288 rectum
1470 3245 1579 3290 coram
1599 3227 1699 3310 Rege,

550 3328 634 3392 sicut
648 3326 804 3392 deberent
812 3326 990 3390 secundum
1003 3325 1090 3410 leges
1102 3324 1272 3406 Civitatie3
1288 3326 1346 3390 sed
1360 3326 1439 3392 dicti
1454 3327 1571 3392 Ballivi
1585 3328 1698 3392 nolue-

550 3438 628 3493 runt
642 3449 698 3494 eos
712 3427 885 3506 dimittere,
899 3449 1005 3514 neque
1027 3448 1087 3513 pro
1112 3427 1168 3493 illc
1191 3425 1283 3493 brevi
1308 3451 1413 3515 neque
1437 3451 1497 3516 pro
1521 3430 1594 3510 alio,
1609 3431 1697 3516 quod
1740 3417 1741 3422 ἵ

551 3531 660 3595 Maior
667 3529 785 3594 iterum
800 3530 995 3615 impetravit.
1039 3530 1104 3595 Sed
1119 3529 1192 3594 illos
1206 3530 1326 3596 arctius
1341 3542 1375 3596 et
1383 3531 1544 3598 crudelius
1554 3532 1697 3597 include·

549 3633 630 3696 bant
644 3642 756 3696 contra
770 3640 923 3716 precepta
937 3631 1073 3697 Domini
1088 3631 1187 3716 Regis
1208 3640 1242 3696 et
1262 3632 1427 3698 libertates
1443 3633 1698 3711 Londoniarum‚

550 3746 584 3798 et
597 3733 642 3798 ita
655 3742 880 3798 remanserunt
900 3731 946 3797 ibi
968 3754 1071 3817 usque
1093 3743 1170 3817 post
1185 3733 1445 3798 Purificetionem
1460 3735 1561 3800 Beate
1581 3736 1697 3813 Merie,

551 3857 616 3921 quo
630 3844 776 3918 tempore
800 3834 872 3897 Rex
885 3833 976 3897 venit
991 3833 1171 3898 Londoniis
1193 3842 1228 3896 et
1247 3833 1432 3917 hospitatus
1449 3845 1501 3901 est
1514 3837 1600 3921 epud
1615 3837 1698 3901 Tur-

549 3939 622 4002 rim.
666 3935 708 3999 In
734 3935 910 3999 crastinum
925 3943 1034 3998 autem
1056 3933 1216 3999 adventus
1241 3935 1292 3998 sui
1314 3948 1519 4002 accesserunt
1541 3939 1650 4004 Maior
1664 3949 1699 4003 et

550 4040 647 4106 Cives
677 4039 718 4103 ed
742 4037 921 4102 Dominum
946 4037 1068 4122 Regem
1094 4044 1128 4102 et
1150 4035 1406 4121 impetraverunt
1430 4037 1471 4104 eb
1498 4061 1537 4104 eo
1563 4039 1696 4104 tertium
