3930 5088
559 524 621 595 172
918 538 1080 585 cnonrcs
1103 539 1279 585 rrsrosurr
1304 539 1350 583 nn

559 699 593 756 et
606 689 758 769 volatilis,
773 710 911 775 quorum
925 689 1075 755 carnibus
1090 699 1275 768 vescuntur,
1286 687 1426 775 propriis
1441 687 1593 752 manibus
1607 687 1710 752 inter-

559 791 682 856 ficiunt.
717 791 866 858 Quedam
877 812 954 856 vero
969 791 1120 856 animalia
1135 791 1332 857 arbitrantur
1346 791 1387 855 de
1401 791 1471 875 lege
1486 812 1555 871 sna,
1570 791 1711 875 quedam

560 915 647 971 non3
677 891 718 956 de
744 891 895 957 carnibus
924 893 1138 978 illorumque
1165 902 1244 958 sunt
1268 893 1310 958 de
1333 893 1404 978 lege
1430 891 1653 970 commedunt,
1677 901 1713 956 et

560 1016 627 1059 non
643 995 684 1058 de
698 995 834 1060 eliorum
849 994 1011 1060 carnibus.
1057 994 1148 1062 Quid
1161 1016 1238 1080 ergo
1251 993 1375 1060 faciunt
1388 995 1412 1059 J
1415 994 1489 1059 udei
1504 993 1711 1060 decernibus

561 1097 690 1161 illorum
705 1118 768 1181 que
782 1118 849 1163 non
865 1106 943 1162 sunt
964 1096 1005 1162 de
1019 1097 1090 1184 lege
1106 1100 1187 1162 sual
1232 1097 1287 1160 An
1308 1096 1404 1162 beent
1419 1095 1616 1161 Christianis
1639 1095 1712 1160 illas

561 1218 668 1264 emere
682 1193 716 1263 et
729 1199 922 1264 manducare
934 1198 968 1263 ?’'
997 1198 1049 1263 Ad
1061 1197 1149 1284 quod
1162 1219 1356 1283 responsum
1371 1206 1423 1262 est
1433 1219 1491 1282 per
1504 1196 1613 1276 Cives,
1624 1197 1714 1283 qnod

562 1299 682 1385 siquis
705 1299 909 1366 Christianus
929 1301 1052 1386 aliquas
1071 1301 1152 1366 tales
1179 1323 1291 1367 carnes
1311 1302 1351 1366 de
1365 1300 1474 1366 ludeo
1494 1299 1620 1379 emerit,
1640 1300 1713 1384 ipse

562 1403 671 1468 statim
691 1404 752 1469 erit
770 1403 1090 1484 excommunicatus;
1112 1413 1146 1470 et
1165 1403 1193 1468 si
1214 1425 1311 1488 super
1330 1403 1393 1468 hoc
1415 1424 1474 1488 per
1495 1403 1713 1470 Vrcecomites

563 1503 713 1569 Civitatis
732 1505 786 1570 vel
799 1526 858 1590 per
871 1504 1011 1590 aliquem
1033 1504 1131 1568 alium
1146 1505 1314 1570 convictus
1330 1505 1437 1584 luerit,
1452 1505 1580 1570 emittet
1601 1524 1713 1569 carnes

562 1605 632 1670 illas
648 1615 682 1672 et
700 1607 863 1672 dabuntur
876 1606 1013 1692 leprosis
1028 1605 1080 1670 vel
1094 1604 1228 1670 canibus
1243 1606 1285 1670 ad
1301 1606 1582 1686 manducandum
1604 1618 1639 1670 et
1652 1606 1715 1670 erit

563 1706 598 1770 in
619 1708 707 1792 gravi
722 1707 1196 1774 misericordisViceoomitum.
1249 1706 1315 1772 Sed
1330 1707 1358 1770 si
1372 1707 1501 1772 videtur
1514 1707 1611 1772 vobis
1625 1709 1713 1772 illam

563 1831 682 1894 penam
696 1811 793 1876 nimis
807 1811 912 1876 levem
927 1831 1010 1890 esse,
1024 1809 1194 1896 provideat
1208 1808 1359 1874 discretio
1370 1821 1477 1874 vestra
1491 1809 1572 1875 tales
1588 1809 1715 1874 Christ-

563 1913 655 1976 ianos
674 1913 812 1997 graviori
834 1935 918 1998 pena
947 1934 1019 1979 esse
1043 1910 1247 1996 infligendos.
1291 1910 1417 1977 Dicunt
1442 1912 1487 1976 illi
1511 1913 1552 1978 dc
1568 1911 1715 1977 Consilio

565 2014 673 2099 Regis,
693 2019 715 2051 “
726 2014 798 2079 Nos
817 2015 969 2080 nolumus
990 2013 1072 2079 tales
1090 2012 1229 2098 graviori
1247 2034 1332 2097 pena
1350 2013 1452 2099 infligi
1475 2015 1546 2080 sine
1567 2013 1715 2079 Domino

565 2117 664 2200 Rege,
673 2116 761 2180 istud
772 2115 848 2201 quie
862 2115 1029 2201 negotium
1040 2114 1145 2200 tsngit
1152 2114 1175 2180 J
1177 2114 1290 2192 udeoa,
1299 2114 1355 2199 qui
1367 2125 1446 2179 sunt
1456 2115 1592 2180 Domini
1604 2116 1715 2200 Regis.

565 2217 630 2281 Sed
645 2216 749 2294 vobis,
769 2217 804 2280 in
825 2217 901 2296 fide,
925 2238 989 2301 qua
1012 2215 1170 2281 tenemini
1195 2215 1341 2281 Domino
1356 2215 1448 2302 Regi,
1463 2216 1598 2282 firmiter
1611 2215 1715 2302 preci-

564 2318 672 2403 pimus
698 2320 784 2404 quod
808 2319 896 2418 illam
921 2319 1191 2383 consuetudinem
1214 2318 1248 2381 in
1271 2317 1413 2384 Ciuitate
1434 2319 1570 2384 firmiter
1591 2319 1714 2384 secians

565 2418 761 2484 observari?

608 2522 684 2602 lDe
695 2521 830 2600 Sinodo,
839 2519 997 2587 celebrate
1008 2522 1095 2606 apud
1106 2521 1304 2607 Lugdunum
1315 2542 1374 2606 per
1387 2523 1581 2608 Gregorium
1593 2525 1714 2610 Papam

567 2625 724 2689 decimam
746 2625 845 2689 Anno
870 2624 1006 2689 Domini
1034 2622 1269 2690 M⁰CC⁰LXX⁰
1285 2633 1410 2710 quarto,
1433 2625 1599 2691 mensibus
1622 2625 1715 2690 Junii

566 2738 599 2793 et
613 2727 705 2794 Julii.

611 2829 652 2894 In
666 2830 837 2917 principio,
848 2831 1033 2896 ordinatum
1045 2841 1096 2896 est
1110 2831 1150 2896 de
1163 2829 1308 2896 subsidio
1322 2830 1420 2895 Terre
1436 2831 1553 2896 Sancte
1565 2831 1682 2896 dendo.

611 2931 696 2997 Item
711 2953 749 2996 ee
763 2953 825 3018 que
840 2934 924 2999 lecte
938 2943 1016 2998 sunt
1030 2944 1064 2998 et
1083 2933 1230 2998 ordinate
1249 2933 1284 2996 in
1305 2932 1451 3019 predicto
1466 2934 1603 3000 concilio
1618 2955 1716 3020 super

566 3033 788 3112 electionibus,
803 3034 1088 3118 postulationibus,
1103 3045 1137 3101 ct
1150 3035 1402 3121 provisionibus.

609 3135 684 3214 lDe
703 3134 871 3199 nobilitate
891 3145 1053 3202 attornata
1067 3147 1180 3202 contre
1196 3136 1450 3203 coronationem
1470 3138 1606 3204 Domini
1629 3138 1716 3203 Esd-

566 3237 665 3302 wardi
680 3237 778 3321 Regis
792 3237 851 3302 filii
866 3238 963 3323 Regis
980 3239 1115 3304 Henrici
1129 3237 1187 3303 filii
1202 3239 1301 3325 Regis
1316 3239 1339 3305 J
1341 3241 1489 3306 ohannis.

611 3338 862 3403 Memorandum
883 3340 971 3426 quod
994 3341 1100 3406 omnis
1123 3349 1208 3406 terre
1221 3363 1334 3422 vacue,
1358 3363 1421 3428 que
1440 3343 1503 3407 fuit
1516 3343 1600 3408 intra
1614 3343 1719 3408 claus-

567 3449 673 3503 turam
698 3440 821 3523 pallatii
847 3443 897 3506 sui
915 3443 1002 3529 apud
1024 3442 1365 3523 westmonasterium,
1386 3445 1496 3510 extitit
1517 3446 1717 3512 nobilissime

568 3540 715 3606 edificata
737 3541 887 3608 domibus
908 3554 943 3609 et
967 3545 1037 3610 aliis
1063 3545 1211 3626 officinis,
1235 3545 1282 3611 ita
1304 3547 1391 3631 quod
1415 3550 1503 3613 nulls
1523 3571 1598 3633 pars
1613 3549 1719 3635 possit

568 3643 614 3708 ibi
624 3664 725 3707 vacua
739 3643 886 3710 inveniri.
933 3646 1123 3713 Extiterunt
1140 3648 1187 3713 ibi
1201 3649 1235 3712 in
1250 3657 1342 3733 parte
1363 3650 1494 3715 australi
1507 3652 1626 3716 veteris
1649 3651 1718 3737 pal·

568 3745 636 3811 latii
659 3745 709 3810 sui
735 3755 922 3812 constructa
946 3748 1050 3813 multa
1074 3750 1204 3835 pellatia
1229 3749 1383 3834 undique,
1408 3758 1569 3835 quotquot
1596 3748 1717 3814 ibidem

568 3858 704 3934 possent
719 3849 870 3929 edificari,
886 3849 921 3915 in
936 3850 1053 3936 quibus
1069 3859 1174 3916 erecte
1189 3862 1267 3916 sunt
1289 3873 1401 3917 mense
1422 3852 1456 3915 in
1480 3861 1565 3916 terra
1583 3851 1718 3916 firmiter

569 3953 651 4033 fixe3
667 3974 764 4039 super
775 3975 854 4038 quas
865 3975 994 4020 mensas
1009 3963 1175 4041 magnates
1187 3964 1221 4019 et
1228 3953 1391 4039 principes
1406 3964 1441 4020 et
1454 3953 1581 4019 nobiles
1597 3953 1719 4019 debent

569 4055 657 4122 refici
679 4055 714 4122 in
724 4056 775 4121 die
790 4057 1006 4123 coronationis
1026 4079 1083 4123 sue
1099 4067 1132 4122 et
1145 4078 1204 4143 per
1223 4056 1406 4142 quindecim
1430 4057 1499 4123 dies
1523 4064 1600 4141 post
1626 4075 1716 4118 suem
