3956 5022
548 611 587 668 13
903 619 1069 682 cnonrcn
1094 622 1272 669 aaronem
1298 625 1344 670 ur

556 773 792 839 transeuntium
808 795 868 861 per
881 773 1026 839 medium
1042 773 1167 854 Pontis,
1182 776 1238 861 qui
1252 787 1347 843 antea
1362 797 1474 863 capere
1497 773 1646 840 solebant
1664 771 1705 835 de

336 898 513 975 naamam
559 876 701 962 qualibet
715 899 799 942 nave
814 878 955 957 Civium,
978 877 1063 942 sicut
1084 877 1328 958 forinsecorum,
1342 880 1385 965 xij
1400 879 1432 944 d.
1476 877 1605 944 Eodem
1620 896 1707 940 anno

336 965 417 1077 w
427 964 523 1026 ΜΡΝ
561 980 643 1045 obiit
657 981 873 1060 Frethericus,
888 981 1070 1065 imperator
1084 982 1318 1061 Romanorum,
1340 983 1396 1068 qui
1413 982 1549 1047 duxerat
1564 1000 1707 1045 sororem

563 1082 659 1166 Regis
673 1082 819 1162 Henrici‚
827 1083 927 1147 filiam
937 1082 1035 1168 Regis
1045 1081 1217 1164 Johannis,
1228 1084 1262 1148 in
1273 1107 1419 1166 uxorem,
1430 1093 1465 1150 et
1474 1085 1562 1169 Papa
1575 1081 1709 1148 recessit

476 1265 481 1278 ⁹
515 1265 521 1278 ι
561 1185 602 1250 da
617 1185 894 1271 Lugdunousque
909 1185 950 1249 ad
965 1184 1201 1251 Mediolanum.

338 1267 538 1391 ffl'ffigffi
649 1287 734 1352 Item
749 1287 1013 1352 NicholausBut.

339 1395 547 1458 nffumoqain-
650 1391 734 1456 Item
750 1391 949 1456 Laurencius
965 1390 1005 1455 de
1021 1390 1170 1477 Frovyk.

339 1467 368 1508 ‘⁰'
606 1494 682 1559 Hoc
702 1515 789 1558 anno
803 1494 937 1558 fuerunt
953 1493 1071 1577 placita
1085 1515 1203 1559 corone
1218 1495 1305 1579 apud
1319 1494 1448 1558 'lhrrim
1465 1493 1708 1558 Londonisrum

562 1599 595 1663 in
612 1598 764 1663 Crastino
779 1597 889 1662 Sancti
906 1597 1088 1678 Michaelis,
1103 1598 1139 1662 in
1153 1596 1272 1683 quibus
1286 1597 1470 1663 Alexander
1485 1598 1525 1663 de
1541 1597 1708 1681 Minynes,

561 1704 584 1768 J
586 1702 730 1766 ohannes
741 1703 924 1780 Duraunte,
938 1701 1085 1766 Andreas
1101 1701 1294 1787 Pipararius,
1305 1710 1339 1766 et
1349 1700 1545 1765 Willielmus
1556 1700 1710 1762 Duraunt

561 1807 708 1871 fecerunt
736 1825 885 1890 magnam
914 1802 1029 1888 legem,
1055 1812 1088 1869 et
1114 1805 1261 1871 similiter
1285 1805 1428 1869 Thomas
1455 1804 1495 1870 de
1522 1804 1657 1889 Feleyse
1676 1811 1710 1866 et

563 1909 682 1973 Iseuda
696 1908 737 1973 de
750 1906 925 1986 Tateshull,
940 1906 997 1991 qui
1010 1907 1219 1973 vadiaverant
1232 1929 1382 1993 magnam
1403 1907 1507 1993 legem
1530 1907 1566 1970 in
1588 1904 1711 1970 ultimis

562 2010 689 2095 placitis
704 2017 800 2073 antea
818 2008 906 2094 apud
924 2007 1053 2072 Turrim
1064 2009 1237 2094 placitatis,
1251 2031 1322 2074 eam
1340 2020 1420 2074 tunc
1443 2009 1599 2095 temporis
1621 2030 1711 2074 com·

563 2114 744 2197 pleverunt.
788 2111 834 2176 Et
847 2110 1028 2191 Johannes,
1050 2112 1156 2177 dictus
1171 2112 1316 2192 clericus,
1340 2110 1458 2176 deiecit
1481 2111 1516 2175 in
1540 2110 1611 2196 lege
1634 2131 1711 2189 sua3

562 2216 636 2280 ideo
661 2213 724 2278 fuit
746 2213 844 2278 morti
867 2213 1080 2299 adjudicatus.
1123 2214 1252 2280 Eodem
1273 2235 1370 2292 anno,
1396 2213 1431 2278 in
1455 2214 1540 2279 festo
1563 2210 1714 2277 Transla-

564 2318 663 2384 tionis
693 2316 804 2383 Sancti
834 2315 1014 2396 Eadwardi,
1041 2315 1139 2382 Cives
1168 2315 1425 2396 Londoniarum,
1454 2317 1496 2381 ad
1520 2316 1713 2402 petitionem
1781 2303 1787 2310 ¹

565 2419 701 2486 Domini
718 2419 826 2502 Regis,
842 2417 1031 2484 abnuerunt
1045 2438 1180 2502 magnos
1203 2439 1314 2483 cereos
1333 2419 1375 2483 od
1396 2419 1495 2483 altore
1517 2417 1629 2484 Sancti
1643 2417 1713 2482 Ed·

565 2523 674 2602 wardi‚
690 2520 822 2600 scilicet,
837 2520 983 2605 quolibet
997 2519 1114 2600 officio,
1126 2543 1228 2585 unum
1244 2543 1372 2587 cereum
1388 2523 1592 2607 quadratum.
1639 2523 1713 2586 Hoc

566 2646 653 2689 anno
667 2625 772 2688 factus
786 2632 838 2687 est
861 2623 969 2687 Maior
989 2624 1097 2687 Adam
1120 2622 1161 2688 de
1187 2623 1319 2708 Basing,
1344 2622 1378 2688 in
1401 2625 1486 2690 festo
1512 2622 1666 2710 Symonis
1680 2631 1716 2689 et

566 2726 665 2793 Jude.
711 2726 784 2790 Hoc
809 2748 895 2791 anno
918 2725 952 2789 in
976 2726 1060 2790 festo
1085 2725 1196 2792 Sancti
1219 2725 1378 2811 Stephani
1392 2727 1475 2790 infra
1500 2726 1714 2792 Nativitatem

567 2831 729 2895 maritavit
743 2829 906 2896 Dominus
922 2830 994 2893 Rex
1005 2828 1233 2915 Margaretam,
1244 2828 1344 2893 filiam
1355 2850 1447 2892 suam
1458 2827 1715 2913 primogenitam,

568 2935 649 3020 Regi
665 2931 784 2999 Scotie.
831 2933 905 2996 Hoc
919 2953 1005 2996 anno
1020 2931 1055 2996 in
1072 2932 1224 2996 Crastino
1247 2931 1360 2997 Sancti
1379 2931 1542 2996 Johannis
1565 2931 1715 3014 Baptiste

567 3037 630 3101 luit
644 3035 804 3100 maximus
820 3044 922 3114 estus,
937 3043 971 3099 et
984 3033 1113 3099 duravit
1126 3057 1185 3121 per
1199 3034 1341 3121 quinque
1355 3033 1436 3099 dies.

656 3137 852 3203 Willielmus
868 3137 909 3201 de
924 3135 1101 3201 Dunelmo.

367 3233 399 3293 ⁸⁶·
510 3229 542 3325 ‚²
655 3241 799 3304 Thomas
820 3239 860 3302 de
875 3237 1092 3323 Wymburne.

616 3341 690 3406 Hoc
705 3361 791 3405 anno
805 3341 909 3404 factus
924 3349 976 3404 est
990 3340 1099 3406 Maior
1108 3339 1276 3407 lohannes
1288 3341 1440 3406 'lhlesan
1483 3340 1611 3407 Eodem
1622 3361 1720 3419 anno,

572 3445 625 3510 die
640 3443 770 3521 Martis,
785 3442 907 3508 scilicet
920 3443 1017 3507 tertio
1032 3442 1158 3509 decimo
1173 3444 1225 3510 dic
1241 3444 1334 3523 Maii,
1348 3443 1622 3528 Archiepiscopus
1635 3442 1722 3506 Can·

573 3545 676 3613 tuarie
687 3545 785 3610 etalii
793 3545 966 3611 tresdecim
978 3545 1146 3632 Episcopi,
1159 3545 1403 3612 Pontificslibus
1418 3545 1524 3610 induti
1535 3555 1570 3611 et
1577 3543 1721 3628 accensis

574 3646 715 3715 candelis
731 3647 764 3710 in
780 3669 896 3732 magna
914 3647 987 3712 aula
1001 3648 1088 3734 apud
1103 3647 1445 3727 westmonasterium,
1469 3669 1529 3733 per
1553 3667 1722 3711 assensum

573 3750 710 3818 Domini
726 3749 834 3834 llegis,
848 3749 883 3814 in
900 3751 1062 3835 presentia
1077 3760 1184 3815 suaet
1204 3750 1343 3816 Comitis
1358 3750 1488 3816 Ricardi
1502 3749 1609 3814 fratris
1624 3749 1673 3812 sui
1689 3758 1724 3813 et

575 3852 788 3941 plurimorum
804 3851 972 3916 Comitum
987 3862 1021 3917 et
1039 3853 1216 3933 Beronum,
1234 3852 1596 3919 excommunicaverunt
1610 3871 1724 3915 omnes

577 3957 650 4022 illos
672 3954 728 4042 qui
749 3954 869 4040 aliquid
892 3955 1115 4041 perquirerent
1132 3955 1185 4021 vel
1203 3957 1355 4038 facerent,
1375 3979 1434 4044 per
1453 3955 1540 4042 quod
1560 3953 1725 4046 libertates

577 4061 613 4126 in
627 4058 723 4126 cartis
738 4067 918 4141 contentas,
933 4081 1013 4146 quas
1027 4059 1146 4127 iecerat
1159 4057 1335 4127 baronibus
1349 4059 1441 4148 regni
1454 4058 1516 4138 sui,
1531 4078 1617 4124 anno
1636 4055 1727 4144 regni

340 1549 438 1598 Plasta
451 1549 548 1598 vorm.
