3920 5022
574 565 613 631 10
932 587 1094 633 onosma
1117 586 1294 632 unionum
1320 587 1365 630 su

570 738 697 826 placitis
722 740 869 805 ordinata
892 741 954 804 fuit
977 740 1028 805 lex
1051 739 1204 804 Foraneis
1228 738 1410 802 attachiatis
1434 738 1469 801 in
1496 735 1636 802 Civitate
1659 758 1721 822 pro

571 851 676 906 morte
701 841 855 920 hominis,
871 842 938 906 sive
952 840 1142 926 hujusmodi
1156 840 1285 920 felonia,
1300 841 1346 904 ita
1360 839 1448 926 quod
1463 840 1526 925 ipsi
1541 860 1576 903 se
1595 850 1722 924 ponent

571 963 669 1028 super
681 943 880 1007 veredictum
891 942 947 1028 xlij
961 943 1102 1006 virorum
1113 943 1295 1027 juratorum
1310 941 1351 1006 de
1366 943 1470 1005 tribus
1482 941 1721 1026 propinquiori-

570 1045 633 1110 bus
644 1046 771 1126 wardia,
784 1045 842 1110 ubi
858 1046 979 1110 malum
993 1046 1115 1110 factum
1137 1046 1244 1126 fuerit,
1259 1055 1370 1110 utrum
1384 1045 1448 1131 ipsi
1463 1045 1530 1108 sint
1543 1044 1720 1130 culpabiles

554 1148 657 1228 inde,
672 1171 713 1214 an
728 1171 814 1228 non;
837 1158 871 1214 et
885 1149 948 1212 hoc
970 1170 1078 1213 coram
1097 1149 1302 1216 Justitiariis.
1349 1149 1389 1212 ln
1415 1149 1487 1213 istis
1510 1149 1637 1233 placitis
1663 1169 1719 1210 va-

570 1252 670 1317 diavit
684 1253 880 1317 Willielmus
901 1252 1019 1316 Bream
1038 1273 1187 1338 magnam
1202 1252 1317 1336 legem,
1332 1262 1366 1316 et
1385 1251 1561 1336 complevit
1575 1273 1647 1316 eam
1661 1273 1720 1336 per

568 1356 703 1441 optime.
745 1357 838 1422 Tunc
852 1355 1008 1440 temporis
1019 1356 1106 1440 cepit
1119 1356 1282 1420 Dominus
1299 1357 1369 1421 Rex
1382 1354 1557 1420 Civitatem
1570 1355 1605 1419 in
1621 1376 1718 1419 manu

569 1482 637 1539 sua,
667 1459 799 1540 scilicet,
832 1458 867 1523 in
894 1459 1045 1523 Crastino
1070 1459 1188 1524 Sancte
1217 1459 1385 1524 Trinitatis
1411 1481 1471 1544 pro
1500 1459 1719 1544 receptatione

567 1565 706 1628 Walteri
722 1565 851 1629 Buriler
866 1563 936 1628 sine
959 1573 1121 1644 vvaranto3
1151 1575 1185 1628 et
1210 1565 1336 1628 iterum.
1344 1565 1478 1628 tradidit
1492 1585 1563 1628 eam
1579 1563 1719 1627 Radulfo

567 1667 678 1753 Esvvy,
691 1665 811 1731 Maiori
825 1665 1083 1745 Londoniarum,
1098 1667 1138 1730 ad
1154 1667 1411 1746 custodiendam,
1426 1667 1530 1731 donec
1545 1665 1664 1730 rediret
1677 1665 1718 1729 de

568 1770 688 1835 Scotia.
714 1770 813 1849 Nam,
827 1779 905 1854 post
918 1769 1083 1833 modicum
1099 1781 1239 1852 tempus,
1254 1769 1325 1851 ipse
1340 1769 1492 1832 militavit
1510 1789 1584 1832 curn
1600 1790 1716 1853 magno

567 1872 711 1938 exercitu
726 1894 824 1957 super
839 1872 961 1956 Regem
978 1871 1108 1950 Scotie3
1132 1871 1189 1934 sed
1204 1871 1391 1934 concordati
1414 1882 1502 1936 sunt.

346 1975 542 2055 braccatis
654 1975 833 2041 Nicholaus
849 1975 923 2040 Bat.

345 2044 423 2153 aaa?
434 2058 495 2119 ΜΨ
653 2079 813 2143 Radullus
828 2079 869 2143 de
879 2077 1042 2158 Arcubus,
1058 2079 1250 2164 Speciarius.

610 2182 688 2246 lstis
704 2181 814 2246 electis
830 2191 863 2246 et
873 2180 991 2266 juratis
1006 2181 1100 2245 tertia
1115 2180 1167 2245 die
1182 2190 1257 2245 ante
1271 2180 1392 2244 festum
1409 2181 1520 2246 Sancti
1537 2182 1719 2260 Michaelis,

564 2287 661 2351 rediit
680 2285 844 2351 Dominus
871 2287 941 2349 Rex
968 2287 1009 2350 de
1033 2286 1143 2349 Scotia
1167 2285 1202 2347 in
1222 2284 1403 2349 Londoniis
1419 2285 1454 2350 in
1469 2286 1586 2370 Vigilia
1608 2287 1718 2349 Sancti

566 2389 748 2468 Michaelis,
763 2399 797 2453 et
817 2389 935 2453 iterum
952 2387 1038 2473 cepit
1054 2388 1227 2453 Civitatem
1250 2388 1284 2452 in
1300 2411 1399 2452 manu
1422 2410 1480 2453 sua
1494 2410 1554 2474 pro
1573 2390 1719 2474 predicta

564 2513 671 2570 causa,
685 2488 862 2576 prohibens
877 2511 918 2554 ne
934 2490 996 2574 ipsi
1011 2490 1217 2555 vicecomites
1232 2489 1353 2574 aliquid
1373 2489 1470 2554 officii
1493 2491 1545 2553 sui
1564 2492 1716 2568 lacerent,

565 2605 599 2658 et
631 2593 795 2660 commisit
824 2592 997 2658 Civitatem
1031 2593 1171 2658 Radullo
1192 2593 1316 2678 'Esvvy,
1347 2605 1493 2678 tempore
1530 2594 1659 2672 Maiori,
1685 2607 1719 2658 et

567 2697 721 2763 Michaeli
746 2698 850 2784 Tovy,
864 2697 920 2782 qui
946 2719 1017 2762 eam
1041 2697 1267 2762 custodierunt
1295 2719 1395 2782 usque
1411 2698 1452 2761 ad
1467 2699 1589 2762 festum
1607 2697 1718 2762 Sancti

566 2804 676 2884 Luce3
697 2802 733 2868 in
750 2800 883 2888 quodie
899 2800 997 2866 Cives
1013 2801 1159 2865 lecerunt
1170 2801 1268 2865 finem
1285 2823 1398 2866 versus
1412 2801 1535 2886 Regem
1550 2824 1609 2887 pro
1630 2801 1718 2866 mille

561 2906 663 2973 libris.
708 2907 749 2972 ln
764 2906 903 2972 crastino
927 2915 1036 2970 autem
1060 2905 1236 2990 presentati
1251 2915 1329 2968 sunt
1339 2904 1476 2990 predicti
1491 2905 1717 2970 Vicecomites.

565 3011 640 3077 Hoc
654 3010 794 3090 anno,in
809 3012 893 3075 festo
909 3008 1021 3074 Sancti
1031 3006 1185 3088 Dionisii,
1195 3019 1402 3073 consecratus
1417 3019 1469 3074 est
1484 3010 1585 3074 Fulco
1602 3009 1719 3074 Basset

562 3114 596 3178 in
621 3114 811 3198 episcopum
848 3111 1094 3175 Londoniarum
1120 3111 1154 3174 in
1180 3112 1315 3176 ecclesia
1345 3113 1463 3178 Sancte
1486 3113 1653 3177 Trinitatis
1676 3114 1717 3178 de

562 3217 707 3300 Alegate.
762 3215 837 3278 Hoc
861 3234 947 3276 anno
974 3213 1078 3277 lactus
1105 3223 1156 3277 est
1181 3215 1290 3279 Maior
1315 3217 1459 3281 Michael
1483 3216 1587 3302 Tovy.
1641 3216 1716 3280 Hoc

562 3340 648 3382 anno
663 3316 813 3380 militavit
826 3315 990 3380 Dominus
1006 3317 1077 3380 Rex
1093 3338 1190 3402 super
1211 3317 1372 3382 Davidem
1387 3319 1490 3384 filium
1514 3320 1666 3384 Lewclini
1683 3319 1717 3383 in

561 3420 713 3484 Walliam
728 3441 804 3484 oum
818 3419 961 3484 exercitu
976 3442 1046 3484 suo.
1092 3419 1131 3484 ln
1147 3442 1275 3486 recessu
1291 3421 1428 3486 istorum
1443 3423 1484 3486 de
1508 3423 1633 3486 Balliva
1647 3445 1716 3497 sua,

561 3522 828 3588 convenientibus
852 3522 987 3587 Civibus
1009 3524 1096 3609 apud
1119 3523 1275 3603 Gildhall,
1291 3535 1406 3609 quarto
1429 3525 1480 3589 die
1503 3536 1577 3589 ante
1592 3527 1712 3590 festum

563 3625 674 3690 Sancti
689 3625 872 3703 Michaelis,
883 3626 923 3689 ad
936 3624 1101 3710 eligendos
1111 3626 1340 3706 Vioeoomites,
1352 3626 1517 3691 oriebatur
1528 3627 1563 3691 in
1576 3627 1716 3691 Ciuitate

562 3728 703 3792 maxima
726 3727 885 3792 dissensio
910 3749 968 3812 per
992 3729 1158 3792 Simonem
1184 3729 1287 3794 filium
1312 3729 1427 3809 Maria,
1452 3731 1507 3814 qui
1532 3729 1715 3814 intelligens

561 3831 722 3897 Maiorem
743 3831 825 3896 velle
847 3830 1016 3895 admittere
1032 3831 1227 3896 Nicholaum
1243 3834 1307 3897 Bat
1331 3833 1365 3896 in
1386 3833 1614 3897 vicecomitatu
1629 3855 1714 3897 anno

559 3934 718 4020 sequenti,
734 3932 862 3998 dicebat
877 3954 912 3998 se
926 3933 1138 4018 probaturum
1158 3934 1250 3999 illum
1272 3936 1451 4021 perjurum,
1467 3936 1494 3999 si
1509 3935 1633 4000 dictum
1654 3935 1717 3998 Ni-

541 4037 709 4128 cholaum
738 4038 940 4123 permitteret
970 4037 1005 4101 in
1041 4039 1269 4103 vicecomitatu
1294 4061 1364 4124 ,per
1393 4037 1573 4117 biennium,
1603 4048 1717 4103 contra

556 4151 793 4208 sacramentum
809 4142 897 4228 quod
914 4142 1057 4208 universi
1078 4143 1291 4208 Aldermanni
1313 4145 1459 4208 fecerunt
1473 4165 1531 4228 per
1545 4165 1716 4208 assensum
