3930 5088
544 623 801 671 vroaconrrun
820 621 1107 671 nonnonrnnon.
1339 607 1399 681 137

253 776 414 857 Flandrie,
437 799 534 864 quam
561 785 719 842 terrarum
745 777 890 856 aliarum,
917 798 1028 842 secure
1053 779 1187 843 veniant
1209 777 1243 841 in
1266 798 1402 862 regnum

252 892 401 947 nostrum
413 883 454 946 ad
466 902 592 966 pannos
601 880 765 945 faciendos
778 880 909 960 ibidem,
920 881 965 945 ita
977 881 1064 966 quod
1075 881 1132 960 illi,
1142 880 1197 966 qui
1209 882 1357 946 venerint
1371 890 1404 945 et

253 1007 380 1072 pannos
395 985 521 1070 operati
535 983 665 1062 fuerint,
680 985 746 1048 sint
761 984 861 1070 quieti
876 985 916 1048 de
928 984 1093 1050 theolonio
1103 995 1138 1048 et
1148 985 1276 1069 tallagio
1286 993 1319 1050 et
1333 984 1404 1049 aliis

255 1085 545 1153 consuetudinibus
560 1084 675 1151 dandis
690 1107 749 1171 pro
765 1107 861 1172 opere
878 1107 939 1152 suo
955 1108 1058 1171 usque
1079 1086 1121 1152 ad
1146 1086 1403 1172 quinquennium

253 1189 403 1275 proximo
416 1209 554 1274 sequens
566 1188 776 1273 completum.
818 1189 917 1254 Teste
932 1211 985 1254 me
998 1189 1071 1275 ipso
1083 1191 1170 1275 apud
1179 1190 1405 1256 Westmonas-

231 1369 233 1376 y
257 1291 403 1368 sterium,
416 1291 494 1376 xviij
511 1291 564 1355 die
579 1289 673 1369 Maii,
687 1310 774 1354 anno
788 1291 879 1375 regni
893 1291 997 1356 nostri
1011 1292 1046 1356 1⁰.
1062 1292 1188 1377 quinto.

302 1394 486 1460 Predictum
512 1391 701 1456 mandatum
726 1391 861 1457 Domini
882 1392 980 1478 Regis
1005 1394 1068 1459 ruit
1092 1395 1326 1479 proclamatum
1350 1411 1408 1479 per

257 1507 361 1562 totam
376 1495 552 1560 Civitatem
567 1495 621 1578 xxj
639 1493 690 1558 die
705 1492 797 1558 Maii.

303 1599 379 1662 Hoc
388 1618 485 1673 anno,
496 1595 583 1681 apud
597 1596 717 1681 Reyns,
728 1595 762 1659 in
774 1595 859 1662 sesto
874 1597 1108 1663 Decollationis
1121 1597 1231 1662 Sancti
1246 1597 1268 1664 J
1271 1597 1408 1662 ohannis

260 1698 418 1783 Baptiste,
433 1698 496 1761 fuit
520 1697 674 1761 inunctus
699 1695 733 1760 in
754 1697 876 1782 Regem
893 1699 1089 1765 Francorum
1105 1701 1270 1785 predictus
1287 1701 1409 1788 Philip-

258 1823 332 1886 pus,
346 1799 432 1863 filius
447 1798 584 1884 predicti
595 1799 780 1886 Lodewyci,
795 1800 851 1886 qui
865 1800 947 1866 obiit
961 1801 996 1866 in
1013 1802 1125 1867 Insula
1140 1801 1181 1867 de
1194 1802 1310 1883 Turris,
1324 1805 1411 1869 siout

259 1902 440 1989 predictum
455 1911 516 1966 est.

306 2013 424 2076 Postea
453 2011 561 2076 nuntii
590 2009 734 2096 predicte
776 2011 951 2079 Comitisse
980 2025 1141 2080 venerunt
1163 2011 1344 2082 Londoniis
1368 2014 1410 2080 ad

261 2116 347 2180 diem
371 2115 418 2180 eis
441 2114 615 2201 prefixum,
633 2114 765 2194 scilicet,
787 2115 822 2179 in
847 2115 982 2181 Ootabis
1007 2117 1124 2183 Sancte
1149 2119 1328 2197 Trinitatis,
1353 2118 1409 2204 qui

260 2227 427 2303 sperantes
443 2217 644 2298 mulnaribus
659 2227 693 2282 et
706 2218 876 2304 promissis
891 2219 1062 2283 consilium
1074 2219 1210 2285 Domini
1226 2221 1323 2306 Regis
1338 2241 1512 2306 cor-s0,1ao
1526 2247 1556 2288 a.

261 2341 421 2406 rumpere,
435 2320 598 2405 petierunt
618 2319 659 2384 ab
683 2342 734 2399 eo,
754 2331 792 2384 ut
811 2320 891 2384 illud
906 2321 1072 2406 negotium
1087 2323 1231 2408 positum
1245 2324 1362 2388 fuisset
1376 2323 1410 2386 in

261 2435 411 2511 respectu
422 2446 524 2510 usque
544 2425 585 2489 ad
600 2426 720 2490 festum
737 2424 848 2490 Sancti
866 2423 1046 2503 Michaelis,
1062 2433 1096 2488 et
1109 2434 1158 2504 ut,
1173 2426 1312 2505 interim,
1329 2445 1412 2490 mer-

262 2541 386 2595 catores
400 2529 517 2614 Anglie
533 2537 672 2613 possent
694 2528 860 2613 negotiare
874 2526 908 2590 in
922 2527 1082 2607 Flandria,
1094 2535 1128 2592 et
1147 2527 1363 2593 Flandrenses
1378 2528 1412 2590 in

263 2653 362 2718 regno
391 2631 518 2716 Anglie,
548 2630 634 2696 sicut
663 2629 821 2695 solebant.
877 2630 952 2695 Que
977 2650 1055 2694 vero
1084 2629 1199 2713 petitio
1228 2630 1321 2694 valde
1350 2629 1413 2694 fuit

264 2741 364 2805 stulta
392 2749 426 2804 et
455 2739 544 2804 omni
572 2738 690 2802 rationi
724 2737 893 2814 contraria,
923 2732 997 2818 quia
1025 2731 1155 2794 interim
1185 2744 1321 2817 possent
1349 2733 1413 2817 ipsi

264 2842 373 2907 omnia
385 2839 473 2905 bona
487 2848 521 2903 et
534 2839 649 2902 catalla
664 2859 721 2902 sua
737 2860 755 2900 a
770 2857 869 2920 regno
886 2832 1001 2918 Anglie
1015 2831 1141 2916 ejicere,
1153 2843 1187 2896 et
1200 2843 1308 2898 tantas
1322 2833 1413 2898 lanas

263 2963 370 3007 emere
384 2950 418 3005 et
433 2941 473 3004 ad
485 2949 592 3025 partes
607 2960 682 3003 suas
698 2938 868 3015 adducere,
879 2956 942 3020 que
954 2932 1173 2998 suffioerenter
1187 2933 1234 2997 eis
1249 2935 1289 2998 ad
1305 2936 1414 2999 omnia

264 3044 389 3130 agenda
403 3065 461 3108 rua
475 3064 577 3129 usque
588 3043 672 3107 duos
693 3063 795 3106 annos
810 3040 954 3117 veltres,
970 3033 1202 3100 mercatoribus
1215 3035 1342 3121 Anglie,
1358 3038 1413 3123 qui

265 3166 324 3231 per
338 3143 547 3208 Comitissam
572 3142 722 3208 Flandrie
746 3141 887 3226 dampna
910 3135 1093 3223 reciperint,
1114 3135 1255 3218 interim,
1281 3138 1414 3204 omnino

266 3245 360 3310 bonis
386 3255 421 3310 et
444 3245 566 3310 catallis
583 3245 650 3309 suis
665 3244 869 3310 carentibus:
893 3243 979 3329 quod
995 3241 1042 3306 eis
1057 3239 1188 3326 penitus
1202 3241 1265 3306 fuit
1278 3243 1415 3328 denega·

265 3360 348 3412 tum.
394 3347 458 3411 Sed
482 3347 546 3411 illis
572 3369 630 3433 per
652 3355 718 3412 tres
745 3347 943 3432 septimanas
966 3365 1090 3408 moram
1114 3343 1305 3408 facientibus
1328 3346 1415 3431 apud

268 3449 466 3529 Londonias,
482 3449 605 3514 dictum
625 3459 677 3515 est
697 3471 755 3534 per
780 3450 903 3536 Regem
927 3457 961 3512 et
984 3444 1156 3511 consilium
1172 3467 1267 3510 suum
1283 3446 1416 3512 infesto

267 3551 593 3619 commemorationis
609 3552 720 3618 Sancti
745 3551 837 3616 Pauli
859 3550 994 3637 precise,
1014 3559 1052 3613 ut
1070 3557 1187 3613 exeant
1201 3571 1220 3614 a
1234 3571 1333 3634 regno
1347 3551 1417 3614 An-

265 3658 328 3745 glie
343 3660 400 3722 deo.
417 3657 501 3721 siout
514 3663 605 3739 patet
618 3655 652 3718 in
667 3655 769 3720 literis
784 3653 985 3738 subscriptis.

312 3760 473 3827 Henricus
499 3759 564 3824 Dei
577 3759 679 3844 gratia
694 3759 764 3823 Rex
786 3758 914 3844 Anglie,
929 3759 986 3821 dcc.
1031 3753 1151 3820 Maiori
1165 3762 1198 3818 et
1212 3752 1421 3819 Vicecomiti-

268 3864 330 3929 bus
357 3862 601 3928 Londoniarum
628 3862 775 3927 salutem.
821 3861 907 3926 Cum
933 3858 1111 3926 comitissa
1131 3855 1281 3922 Flandrie
1309 3863 1421 3920 contra

268 3965 397 4050 proprie
411 3964 557 4030 debitum
573 3965 754 4031 honestatis
765 3966 855 4030 lanas
867 3973 901 4028 et
910 3963 971 4028 alia
982 3960 1190 4027 mercimonia
1201 3981 1238 4023 ac
1252 3958 1338 4022 bona
1353 3968 1420 4021 tarn

268 4076 466 4144 nostrorum,
484 4087 579 4150 quam
595 4067 730 4131 aliorum
756 4078 943 4151 magnatum
969 4062 1060 4148 regni
1075 4061 1179 4128 nostri
1194 4076 1421 4148 mercatorum,

269 4189 374 4254 nuper
387 4167 470 4231 infra
490 4179 607 4231 terram
631 4179 665 4234 et
690 4176 886 4254 potestatem
911 4167 1015 4252 ipsius
1032 4163 1219 4241 Comitisse,
1233 4184 1299 4226 non
1316 4161 1421 4224 solum

315 4291 429 4336 cano.
454 4289 528 4334 soc.
1092 4288 1113 4330 r
