<?xml version="1.0" encoding="UTF-8"?>
<!DOCTYPE html PUBLIC "-//W3C//DTD XHTML 1.0 Transitional//EN"
    "http://www.w3.org/TR/xhtml1/DTD/xhtml1-transitional.dtd">
<html xmlns="http://www.w3.org/1999/xhtml" xml:lang="en" lang="en">
 <head>
  <title>
</title>
<meta http-equiv="Content-Type" content="text/html;charset=utf-8" />
  <meta name='ocr-system' content='tesseract 3.04.00' />
  <meta name='ocr-capabilities' content='ocr_page ocr_carea ocr_par ocr_line ocrx_word'/>
</head>
<body>
  <div class='ocr_page' id='page_1' title='image "./deantiquislegib02fitzgoog_0347.png"; bbox 0 0 3920 5022; ppageno 0'>
   <div class='ocr_carea' id='block_1_1' title="bbox 531 619 1387 695">
    <p class='ocr_par' dir='ltr' id='par_1_1' title="bbox 531 619 1387 695">
     <span class='ocr_line' id='line_1_1' title="bbox 531 619 1387 695; baseline 0.005 -17"><span class='ocrx_word' id='word_1_1' title='bbox 531 633 787 679; x_wconf 83' lang='lat' dir='ltr'><strong>vrcuoourruu</strong></span> <span class='ocrx_word' id='word_1_2' title='bbox 813 633 1100 682; x_wconf 77' lang='lat' dir='ltr'><strong>couoournuuu.</strong></span> <span class='ocrx_word' id='word_1_3' title='bbox 1349 619 1387 695; x_wconf 80' lang='lat'><strong>71</strong></span> 
     </span>
    </p>
   </div>
   <div class='ocr_carea' id='block_1_2' title="bbox 242 780 1392 1681">
    <p class='ocr_par' dir='ltr' id='par_1_2' title="bbox 243 780 1392 1374">
     <span class='ocr_line' id='line_1_2' title="bbox 244 780 1391 873; baseline 0.006 -27"><span class='ocrx_word' id='word_1_4' title='bbox 244 802 369 846; x_wconf 89' lang='lat' dir='ltr'><strong>moram</strong></span> <span class='ocrx_word' id='word_1_5' title='bbox 390 780 437 846; x_wconf 91' lang='lat' dir='ltr'><strong>ibi</strong></span> <span class='ocrx_word' id='word_1_6' title='bbox 453 783 568 848; x_wconf 84' lang='lat' dir='ltr'><strong>facturi</strong></span> <span class='ocrx_word' id='word_1_7' title='bbox 582 806 640 869; x_wconf 91' lang='lat' dir='ltr'><strong>per</strong></span> <span class='ocrx_word' id='word_1_8' title='bbox 653 793 761 850; x_wconf 87' lang='lat' dir='ltr'><strong>totum</strong></span> <span class='ocrx_word' id='word_1_9' title='bbox 776 783 958 869; x_wconf 89' lang='lat' dir='ltr'><strong>predictum</strong></span> <span class='ocrx_word' id='word_1_10' title='bbox 972 805 1105 865; x_wconf 90' lang='lat' dir='ltr'><strong>annum,</strong></span> <span class='ocrx_word' id='word_1_11' title='bbox 1119 784 1214 850; x_wconf 85' lang='lat' dir='ltr'><strong>terris</strong></span> <span class='ocrx_word' id='word_1_12' title='bbox 1233 784 1391 873; x_wconf 87' lang='lat' dir='ltr'><strong>ipsorum,</strong></span> 
     </span>
     <span class='ocr_line' id='line_1_3' title="bbox 243 883 1392 964; baseline 0.004 -16"><span class='ocrx_word' id='word_1_13' title='bbox 243 883 449 964; x_wconf 79' lang='lat' dir='ltr'><strong>tenementis,</strong></span> <span class='ocrx_word' id='word_1_14' title='bbox 463 893 497 949; x_wconf 87' lang='lat' dir='ltr'><strong>et</strong></span> <span class='ocrx_word' id='word_1_15' title='bbox 516 885 655 949; x_wconf 79' lang='lat' dir='ltr'><strong>castellis</strong></span> <span class='ocrx_word' id='word_1_16' title='bbox 670 884 800 948; x_wconf 81' lang='lat' dir='ltr'><strong>interim</strong></span> <span class='ocrx_word' id='word_1_17' title='bbox 815 885 1057 950; x_wconf 71' lang='lat' dir='ltr'><strong>remanentibus</strong></span> <span class='ocrx_word' id='word_1_18' title='bbox 1068 886 1102 950; x_wconf 93' lang='lat' dir='ltr'><strong>in</strong></span> <span class='ocrx_word' id='word_1_19' title='bbox 1117 908 1233 951; x_wconf 88' lang='lat' dir='ltr'><strong>manus</strong></span> <span class='ocrx_word' id='word_1_20' title='bbox 1253 887 1392 953; x_wconf 82' lang='lat' dir='ltr'><strong>Comitis</strong></span> 
     </span>
     <span class='ocr_line' id='line_1_4' title="bbox 246 983 1392 1074; baseline 0.005 -26"><span class='ocrx_word' id='word_1_21' title='bbox 246 984 430 1050; x_wconf 83' lang='lat' dir='ltr'><strong>Leicestrie.</strong></span> <span class='ocrx_word' id='word_1_22' title='bbox 483 983 656 1070; x_wconf 89' lang='lat' dir='ltr'><strong>Completo</strong></span> <span class='ocrx_word' id='word_1_23' title='bbox 669 1007 746 1050; x_wconf 91' lang='lat' dir='ltr'><strong>vero</strong></span> <span class='ocrx_word' id='word_1_24' title='bbox 759 985 905 1070; x_wconf 90' lang='lat' dir='ltr'><strong>predicto</strong></span> <span class='ocrx_word' id='word_1_25' title='bbox 919 1009 1016 1066; x_wconf 87' lang='lat' dir='ltr'><strong>anno,</strong></span> <span class='ocrx_word' id='word_1_26' title='bbox 1030 989 1160 1071; x_wconf 87' lang='lat' dir='ltr'><strong>quando</strong></span> <span class='ocrx_word' id='word_1_27' title='bbox 1179 989 1318 1074; x_wconf 88' lang='lat' dir='ltr'><strong>predicti</strong></span> <span class='ocrx_word' id='word_1_28' title='bbox 1327 991 1392 1054; x_wconf 90' lang='lat' dir='ltr'><strong>Ba-</strong></span> 
     </span>
     <span class='ocr_line' id='line_1_5' title="bbox 243 1086 1392 1175; baseline 0.009 -26"><span class='ocrx_word' id='word_1_29' title='bbox 243 1107 340 1151; x_wconf 89' lang='lat' dir='ltr'><strong>rones</strong></span> <span class='ocrx_word' id='word_1_30' title='bbox 370 1086 490 1151; x_wconf 89' lang='lat' dir='ltr'><strong>reversi</strong></span> <span class='ocrx_word' id='word_1_31' title='bbox 511 1087 633 1153; x_wconf 86' lang='lat' dir='ltr'><strong>fuerint</strong></span> <span class='ocrx_word' id='word_1_32' title='bbox 656 1087 691 1151; x_wconf 91' lang='lat' dir='ltr'><strong>in</strong></span> <span class='ocrx_word' id='word_1_33' title='bbox 715 1088 876 1173; x_wconf 85' lang='lat' dir='ltr'><strong>Angliam,</strong></span> <span class='ocrx_word' id='word_1_34' title='bbox 895 1087 959 1175; x_wconf 90' lang='lat' dir='ltr'><strong>ipsi</strong></span> <span class='ocrx_word' id='word_1_35' title='bbox 984 1089 1118 1155; x_wconf 92' lang='lat' dir='ltr'><strong>stabunt</strong></span> <span class='ocrx_word' id='word_1_36' title='bbox 1142 1092 1392 1158; x_wconf 76' lang='lat' dir='ltr'><strong>considerationi</strong></span> 
     </span>
     <span class='ocr_line' id='line_1_6' title="bbox 243 1185 1392 1270; baseline 0.008 -20"><span class='ocrx_word' id='word_1_37' title='bbox 243 1185 368 1270; x_wconf 88' lang='lat' dir='ltr'><strong>parium</strong></span> <span class='ocrx_word' id='word_1_38' title='bbox 396 1208 540 1266; x_wconf 90' lang='lat' dir='ltr'><strong>suorum,</strong></span> <span class='ocrx_word' id='word_1_39' title='bbox 558 1199 593 1254; x_wconf 89' lang='lat' dir='ltr'><strong>et</strong></span> <span class='ocrx_word' id='word_1_40' title='bbox 609 1188 765 1253; x_wconf 89' lang='lat' dir='ltr'><strong>deberent</strong></span> <span class='ocrx_word' id='word_1_41' title='bbox 786 1210 858 1254; x_wconf 88' lang='lat' dir='ltr'><strong>esse</strong></span> <span class='ocrx_word' id='word_1_42' title='bbox 879 1191 921 1254; x_wconf 91' lang='lat' dir='ltr'><strong>ad</strong></span> <span class='ocrx_word' id='word_1_43' title='bbox 946 1213 1034 1255; x_wconf 90' lang='lat' dir='ltr'><strong>mare</strong></span> <span class='ocrx_word' id='word_1_44' title='bbox 1053 1192 1095 1257; x_wconf 90' lang='lat' dir='ltr'><strong>ad</strong></span> <span class='ocrx_word' id='word_1_45' title='bbox 1118 1195 1392 1260; x_wconf 84' lang='lat' dir='ltr'><strong>transfretandum</strong></span> 
     </span>
     <span class='ocr_line' id='line_1_7' title="bbox 243 1288 1088 1374; baseline 0.005 -22"><span class='ocrx_word' id='word_1_46' title='bbox 243 1301 303 1352; x_wconf 79' lang='lat' dir='ltr'><strong>xx·</strong></span> <span class='ocrx_word' id='word_1_47' title='bbox 314 1288 366 1352; x_wconf 88' lang='lat' dir='ltr'><strong>die</strong></span> <span class='ocrx_word' id='word_1_48' title='bbox 374 1298 452 1373; x_wconf 90' lang='lat' dir='ltr'><strong>post</strong></span> <span class='ocrx_word' id='word_1_49' title='bbox 467 1289 608 1354; x_wconf 88' lang='lat' dir='ltr'><strong>Nathale</strong></span> <span class='ocrx_word' id='word_1_50' title='bbox 623 1289 778 1368; x_wconf 86' lang='lat' dir='ltr'><strong>Domini3</strong></span> <span class='ocrx_word' id='word_1_51' title='bbox 802 1290 891 1374; x_wconf 91' lang='lat' dir='ltr'><strong>quod</strong></span> <span class='ocrx_word' id='word_1_52' title='bbox 904 1312 972 1355; x_wconf 89' lang='lat' dir='ltr'><strong>non</strong></span> <span class='ocrx_word' id='word_1_53' title='bbox 988 1291 1088 1356; x_wconf 88' lang='lat' dir='ltr'><strong>stetit.</strong></span> 
     </span>
    </p>

    <p class='ocr_par' dir='ltr' id='par_1_3' title="bbox 242 1389 1391 1681">
     <span class='ocr_line' id='line_1_8' title="bbox 286 1389 1386 1480; baseline 0.006 -27"><span class='ocrx_word' id='word_1_54' title='bbox 286 1389 361 1454; x_wconf 90' lang='lat' dir='ltr'><strong>Hoc</strong></span> <span class='ocrx_word' id='word_1_55' title='bbox 376 1410 462 1453; x_wconf 87' lang='lat' dir='ltr'><strong>anno</strong></span> <span class='ocrx_word' id='word_1_56' title='bbox 476 1389 511 1454; x_wconf 92' lang='lat' dir='ltr'><strong>in</strong></span> <span class='ocrx_word' id='word_1_57' title='bbox 526 1389 662 1454; x_wconf 86' lang='lat' dir='ltr'><strong>Octabis</strong></span> <span class='ocrx_word' id='word_1_58' title='bbox 678 1389 789 1454; x_wconf 82' lang='lat' dir='ltr'><strong>Sancti</strong></span> <span class='ocrx_word' id='word_1_59' title='bbox 805 1391 933 1454; x_wconf 89' lang='lat' dir='ltr'><strong>Hillarii</strong></span> <span class='ocrx_word' id='word_1_60' title='bbox 941 1402 1102 1456; x_wconf 88' lang='lat' dir='ltr'><strong>venerunt</strong></span> <span class='ocrx_word' id='word_1_61' title='bbox 1121 1395 1302 1460; x_wconf 89' lang='lat' dir='ltr'><strong>Londoniis</strong></span> <span class='ocrx_word' id='word_1_62' title='bbox 1327 1415 1386 1480; x_wconf 87' lang='lat' dir='ltr'><strong>per</strong></span> 
     </span>
     <span class='ocr_line' id='line_1_9' title="bbox 242 1490 1391 1580; baseline 0.007 -26"><span class='ocrx_word' id='word_1_63' title='bbox 242 1491 532 1556; x_wconf 85' lang='lat' dir='ltr'><strong>summonitionem</strong></span> <span class='ocrx_word' id='word_1_64' title='bbox 572 1490 707 1555; x_wconf 90' lang='lat' dir='ltr'><strong>Domini</strong></span> <span class='ocrx_word' id='word_1_65' title='bbox 738 1492 837 1576; x_wconf 87' lang='lat' dir='ltr'><strong>Regis</strong></span> <span class='ocrx_word' id='word_1_66' title='bbox 876 1513 990 1557; x_wconf 91' lang='lat' dir='ltr'><strong>omncs</strong></span> <span class='ocrx_word' id='word_1_67' title='bbox 1031 1493 1198 1580; x_wconf 84' lang='lat' dir='ltr'><strong>Episcopi,</strong></span> <span class='ocrx_word' id='word_1_68' title='bbox 1233 1496 1391 1576; x_wconf 80' lang='lat' dir='ltr'><strong>Abbates,</strong></span> 
     </span>
     <span class='ocr_line' id='line_1_10' title="bbox 244 1591 1390 1681; baseline 0.006 -25"><span class='ocrx_word' id='word_1_69' title='bbox 244 1593 381 1670; x_wconf 85' lang='lat' dir='ltr'><strong>Priores,</strong></span> <span class='ocrx_word' id='word_1_70' title='bbox 394 1591 552 1670; x_wconf 86' lang='lat' dir='ltr'><strong>Comites,</strong></span> <span class='ocrx_word' id='word_1_71' title='bbox 564 1592 710 1656; x_wconf 90' lang='lat' dir='ltr'><strong>Barones</strong></span> <span class='ocrx_word' id='word_1_72' title='bbox 718 1593 820 1656; x_wconf 86' lang='lat' dir='ltr'><strong>totius</strong></span> <span class='ocrx_word' id='word_1_73' title='bbox 831 1593 933 1677; x_wconf 89' lang='lat' dir='ltr'><strong>regni,</strong></span> <span class='ocrx_word' id='word_1_74' title='bbox 942 1604 976 1657; x_wconf 90' lang='lat' dir='ltr'><strong>et</strong></span> <span class='ocrx_word' id='word_1_75' title='bbox 990 1595 1030 1659; x_wconf 91' lang='lat' dir='ltr'><strong>de</strong></span> <span class='ocrx_word' id='word_1_76' title='bbox 1046 1595 1200 1681; x_wconf 78' lang='lat' dir='ltr'><strong>Quinque</strong></span> <span class='ocrx_word' id='word_1_77' title='bbox 1215 1598 1390 1679; x_wconf 87' lang='lat' dir='ltr'><strong>Portubus,</strong></span> 
     </span>
    </p>
   </div>
   <div class='ocr_carea' id='block_1_3' title="bbox 207 1795 1611 4152">
    <p class='ocr_par' dir='ltr' id='par_1_4' title="bbox 241 1795 1391 2904">
     <span class='ocr_line' id='line_1_11' title="bbox 242 1795 1391 1887; baseline 0.009 -30"><span class='ocrx_word' id='word_1_78' title='bbox 242 1804 410 1874; x_wconf 87' lang='lat' dir='ltr'><strong>mentum;</strong></span> <span class='ocrx_word' id='word_1_79' title='bbox 432 1795 467 1858; x_wconf 91' lang='lat' dir='ltr'><strong>in</strong></span> <span class='ocrx_word' id='word_1_80' title='bbox 493 1816 558 1879; x_wconf 94' lang='lat' dir='ltr'><strong>quo</strong></span> <span class='ocrx_word' id='word_1_81' title='bbox 576 1795 790 1873; x_wconf 88' lang='lat' dir='ltr'><strong>Parlamento,</strong></span> <span class='ocrx_word' id='word_1_82' title='bbox 805 1795 857 1860; x_wconf 90' lang='lat' dir='ltr'><strong>die</strong></span> <span class='ocrx_word' id='word_1_83' title='bbox 873 1795 985 1860; x_wconf 85' lang='lat' dir='ltr'><strong>Sancti</strong></span> <span class='ocrx_word' id='word_1_84' title='bbox 998 1798 1174 1880; x_wconf 88' lang='lat' dir='ltr'><strong>Valentini,</strong></span> <span class='ocrx_word' id='word_1_85' title='bbox 1190 1801 1391 1887; x_wconf 87' lang='lat' dir='ltr'><strong>divulgatum</strong></span> 
     </span>
     <span class='ocr_line' id='line_1_12' title="bbox 243 1894 1390 1984; baseline 0.01 -25"><span class='ocrx_word' id='word_1_86' title='bbox 243 1895 306 1959; x_wconf 78' lang='lat' dir='ltr'><strong>fuit</strong></span> <span class='ocrx_word' id='word_1_87' title='bbox 330 1895 365 1958; x_wconf 90' lang='lat' dir='ltr'><strong>in</strong></span> <span class='ocrx_word' id='word_1_88' title='bbox 386 1894 538 1980; x_wconf 86' lang='lat' dir='ltr'><strong>Capitulo</strong></span> <span class='ocrx_word' id='word_1_89' title='bbox 563 1896 651 1980; x_wconf 91' lang='lat' dir='ltr'><strong>apud</strong></span> <span class='ocrx_word' id='word_1_90' title='bbox 674 1895 1003 1963; x_wconf 75' lang='lat' dir='ltr'><strong>westmonasterium</strong></span> <span class='ocrx_word' id='word_1_91' title='bbox 1029 1901 1117 1984; x_wconf 92' lang='lat' dir='ltr'><strong>quod</strong></span> <span class='ocrx_word' id='word_1_92' title='bbox 1139 1902 1304 1968; x_wconf 89' lang='lat' dir='ltr'><strong>Dominus</strong></span> <span class='ocrx_word' id='word_1_93' title='bbox 1319 1906 1390 1970; x_wconf 84' lang='lat' dir='ltr'><strong>Rex</strong></span> 
     </span>
     <span class='ocr_line' id='line_1_13' title="bbox 243 1995 1391 2091; baseline 0.009 -29"><span class='ocrx_word' id='word_1_94' title='bbox 243 1995 439 2082; x_wconf 84' lang='lat' dir='ltr'><strong>obligaverat</strong></span> <span class='ocrx_word' id='word_1_95' title='bbox 464 2019 499 2062; x_wconf 89' lang='lat' dir='ltr'><strong>se</strong></span> <span class='ocrx_word' id='word_1_96' title='bbox 523 2007 724 2064; x_wconf 90' lang='lat' dir='ltr'><strong>sacramento</strong></span> <span class='ocrx_word' id='word_1_97' title='bbox 739 1999 877 2083; x_wconf 90' lang='lat' dir='ltr'><strong>prestito</strong></span> <span class='ocrx_word' id='word_1_98' title='bbox 892 2021 952 2084; x_wconf 87' lang='lat' dir='ltr'><strong>per</strong></span> <span class='ocrx_word' id='word_1_99' title='bbox 965 2009 1086 2067; x_wconf 86' lang='lat' dir='ltr'><strong>cartam</strong></span> <span class='ocrx_word' id='word_1_100' title='bbox 1102 2025 1206 2084; x_wconf 88' lang='lat' dir='ltr'><strong>suam,</strong></span> <span class='ocrx_word' id='word_1_101' title='bbox 1217 2006 1304 2090; x_wconf 91' lang='lat' dir='ltr'><strong>quod</strong></span> <span class='ocrx_word' id='word_1_102' title='bbox 1318 2006 1391 2091; x_wconf 87' lang='lat' dir='ltr'><strong>ipse</strong></span> 
     </span>
     <span class='ocr_line' id='line_1_14' title="bbox 243 2100 1390 2192; baseline 0.009 -30"><span class='ocrx_word' id='word_1_103' title='bbox 243 2121 303 2164; x_wconf 91' lang='lat' dir='ltr'><strong>nec</strong></span> <span class='ocrx_word' id='word_1_104' title='bbox 337 2100 501 2165; x_wconf 90' lang='lat' dir='ltr'><strong>Dominus</strong></span> <span class='ocrx_word' id='word_1_105' title='bbox 527 2101 718 2180; x_wconf 84' lang='lat' dir='ltr'><strong>Edwardus,</strong></span> <span class='ocrx_word' id='word_1_106' title='bbox 741 2121 896 2187; x_wconf 88' lang='lat' dir='ltr'><strong>processu</strong></span> <span class='ocrx_word' id='word_1_107' title='bbox 927 2103 1097 2188; x_wconf 86' lang='lat' dir='ltr'><strong>temporis,</strong></span> <span class='ocrx_word' id='word_1_108' title='bbox 1121 2128 1189 2170; x_wconf 91' lang='lat' dir='ltr'><strong>non</strong></span> <span class='ocrx_word' id='word_1_109' title='bbox 1218 2117 1390 2192; x_wconf 82' lang='lat' dir='ltr'><strong>gravarent</strong></span> 
     </span>
     <span class='ocr_line' id='line_1_15' title="bbox 242 2201 1388 2289; baseline 0.007 -23"><span class='ocrx_word' id='word_1_110' title='bbox 242 2223 346 2287; x_wconf 91' lang='lat' dir='ltr'><strong>neque</strong></span> <span class='ocrx_word' id='word_1_111' title='bbox 371 2203 495 2287; x_wconf 83' lang='lat' dir='ltr'><strong>gravari</strong></span> <span class='ocrx_word' id='word_1_112' title='bbox 520 2212 729 2286; x_wconf 87' lang='lat' dir='ltr'><strong>procurarent</strong></span> <span class='ocrx_word' id='word_1_113' title='bbox 748 2202 894 2267; x_wconf 88' lang='lat' dir='ltr'><strong>Comites</strong></span> <span class='ocrx_word' id='word_1_114' title='bbox 920 2201 1095 2271; x_wconf 84' lang='lat' dir='ltr'><strong>Leioestrie</strong></span> <span class='ocrx_word' id='word_1_115' title='bbox 1113 2207 1388 2289; x_wconf 88' lang='lat' dir='ltr'><strong>valGlouvernie,</strong></span> 
     </span>
     <span class='ocr_line' id='line_1_16' title="bbox 242 2303 1389 2392; baseline 0.007 -24"><span class='ocrx_word' id='word_1_116' title='bbox 242 2325 302 2369; x_wconf 87' lang='lat' dir='ltr'><strong>nec</strong></span> <span class='ocrx_word' id='word_1_117' title='bbox 316 2303 413 2369; x_wconf 90' lang='lat' dir='ltr'><strong>Cives</strong></span> <span class='ocrx_word' id='word_1_118' title='bbox 425 2304 681 2384; x_wconf 88' lang='lat' dir='ltr'><strong>Londoniarum,</strong></span> <span class='ocrx_word' id='word_1_119' title='bbox 692 2305 744 2370; x_wconf 90' lang='lat' dir='ltr'><strong>vel</strong></span> <span class='ocrx_word' id='word_1_120' title='bbox 755 2305 892 2390; x_wconf 88' lang='lat' dir='ltr'><strong>aliquem</strong></span> <span class='ocrx_word' id='word_1_121' title='bbox 907 2305 1047 2384; x_wconf 91' lang='lat' dir='ltr'><strong>illorum,</strong></span> <span class='ocrx_word' id='word_1_122' title='bbox 1059 2307 1115 2392; x_wconf 93' lang='lat' dir='ltr'><strong>qui</strong></span> <span class='ocrx_word' id='word_1_123' title='bbox 1126 2309 1172 2374; x_wconf 92' lang='lat' dir='ltr'><strong>eis</strong></span> <span class='ocrx_word' id='word_1_124' title='bbox 1181 2311 1389 2388; x_wconf 88' lang='lat' dir='ltr'><strong>adheserunt,</strong></span> 
     </span>
     <span class='ocr_line' id='line_1_17' title="bbox 242 2409 1388 2497; baseline 0.002 -21"><span class='ocrx_word' id='word_1_125' title='bbox 242 2411 410 2476; x_wconf 86' lang='lat' dir='ltr'><strong>occasione</strong></span> <span class='ocrx_word' id='word_1_126' title='bbox 427 2411 563 2497; x_wconf 88' lang='lat' dir='ltr'><strong>alicujus</strong></span> <span class='ocrx_word' id='word_1_127' title='bbox 578 2411 624 2475; x_wconf 90' lang='lat' dir='ltr'><strong>rei</strong></span> <span class='ocrx_word' id='word_1_128' title='bbox 638 2411 722 2475; x_wconf 85' lang='lat' dir='ltr'><strong>facte</strong></span> <span class='ocrx_word' id='word_1_129' title='bbox 736 2420 882 2496; x_wconf 90' lang='lat' dir='ltr'><strong>tempore</strong></span> <span class='ocrx_word' id='word_1_130' title='bbox 903 2409 1154 2495; x_wconf 87' lang='lat' dir='ltr'><strong>perturbationis</strong></span> <span class='ocrx_word' id='word_1_131' title='bbox 1169 2411 1259 2496; x_wconf 87' lang='lat' dir='ltr'><strong>regni</strong></span> <span class='ocrx_word' id='word_1_132' title='bbox 1282 2422 1388 2497; x_wconf 88' lang='lat' dir='ltr'><strong>prete-</strong></span> 
     </span>
     <span class='ocr_line' id='line_1_18' title="bbox 241 2513 1387 2599; baseline 0.002 -23"><span class='ocrx_word' id='word_1_133' title='bbox 241 2513 313 2593; x_wconf 90' lang='lat' dir='ltr'><strong>rite,</strong></span> <span class='ocrx_word' id='word_1_134' title='bbox 328 2522 363 2578; x_wconf 89' lang='lat' dir='ltr'><strong>et</strong></span> <span class='ocrx_word' id='word_1_135' title='bbox 380 2514 526 2599; x_wconf 90' lang='lat' dir='ltr'><strong>precepit</strong></span> <span class='ocrx_word' id='word_1_136' title='bbox 550 2534 704 2597; x_wconf 87' lang='lat' dir='ltr'><strong>expresse</strong></span> <span class='ocrx_word' id='word_1_137' title='bbox 728 2526 766 2577; x_wconf 93' lang='lat' dir='ltr'><strong>ut</strong></span> <span class='ocrx_word' id='word_1_138' title='bbox 780 2522 866 2577; x_wconf 85' lang='lat' dir='ltr'><strong>carte</strong></span> <span class='ocrx_word' id='word_1_139' title='bbox 879 2514 920 2578; x_wconf 88' lang='lat' dir='ltr'><strong>de</strong></span> <span class='ocrx_word' id='word_1_140' title='bbox 934 2513 1138 2580; x_wconf 87' lang='lat' dir='ltr'><strong>libertatibus</strong></span> <span class='ocrx_word' id='word_1_141' title='bbox 1153 2522 1187 2578; x_wconf 92' lang='lat' dir='ltr'><strong>et</strong></span> <span class='ocrx_word' id='word_1_142' title='bbox 1201 2515 1242 2579; x_wconf 93' lang='lat' dir='ltr'><strong>de</strong></span> <span class='ocrx_word' id='word_1_143' title='bbox 1256 2515 1387 2594; x_wconf 86' lang='lat' dir='ltr'><strong>foresta,</strong></span> 
     </span>
     <span class='ocr_line' id='line_1_19' title="bbox 241 2615 1388 2708; baseline 0.002 -30"><span class='ocrx_word' id='word_1_144' title='bbox 241 2636 305 2699; x_wconf 90' lang='lat' dir='ltr'><strong>que</strong></span> <span class='ocrx_word' id='word_1_145' title='bbox 319 2615 402 2680; x_wconf 83' lang='lat' dir='ltr'><strong>facte</strong></span> <span class='ocrx_word' id='word_1_146' title='bbox 416 2616 548 2679; x_wconf 87' lang='lat' dir='ltr'><strong>fuerunt</strong></span> <span class='ocrx_word' id='word_1_147' title='bbox 571 2637 658 2679; x_wconf 88' lang='lat' dir='ltr'><strong>anno</strong></span> <span class='ocrx_word' id='word_1_148' title='bbox 673 2615 764 2700; x_wconf 87' lang='lat' dir='ltr'><strong>regni</strong></span> <span class='ocrx_word' id='word_1_149' title='bbox 779 2615 830 2679; x_wconf 88' lang='lat' dir='ltr'><strong>sui</strong></span> <span class='ocrx_word' id='word_1_150' title='bbox 844 2637 945 2694; x_wconf 91' lang='lat' dir='ltr'><strong>nono,</strong></span> <span class='ocrx_word' id='word_1_151' title='bbox 969 2616 1166 2682; x_wconf 89' lang='lat' dir='ltr'><strong>inviobiliter</strong></span> <span class='ocrx_word' id='word_1_152' title='bbox 1191 2626 1388 2708; x_wconf 72' lang='lat' dir='ltr'><strong>tenerentur,</strong></span> 
     </span>
     <span class='ocr_line' id='line_1_20' title="bbox 242 2716 1388 2801; baseline 0.002 -21"><span class='ocrx_word' id='word_1_153' title='bbox 242 2737 317 2780; x_wconf 87' lang='lat' dir='ltr'><strong>oum</strong></span> <span class='ocrx_word' id='word_1_154' title='bbox 339 2717 453 2782; x_wconf 85' lang='lat' dir='ltr'><strong>ceteris</strong></span> <span class='ocrx_word' id='word_1_155' title='bbox 477 2717 632 2796; x_wconf 82' lang='lat' dir='ltr'><strong>articulis,</strong></span> <span class='ocrx_word' id='word_1_156' title='bbox 648 2739 710 2801; x_wconf 91' lang='lat' dir='ltr'><strong>que</strong></span> <span class='ocrx_word' id='word_1_157' title='bbox 735 2726 858 2781; x_wconf 86' lang='lat' dir='ltr'><strong>statuta</strong></span> <span class='ocrx_word' id='word_1_158' title='bbox 876 2718 1019 2795; x_wconf 81' lang='lat' dir='ltr'><strong>fuerunt,</strong></span> <span class='ocrx_word' id='word_1_159' title='bbox 1042 2737 1155 2782; x_wconf 88' lang='lat' dir='ltr'><strong>mense</strong></span> <span class='ocrx_word' id='word_1_160' title='bbox 1177 2716 1281 2796; x_wconf 90' lang='lat' dir='ltr'><strong>Junii,</strong></span> <span class='ocrx_word' id='word_1_161' title='bbox 1301 2739 1388 2782; x_wconf 90' lang='lat' dir='ltr'><strong>anno</strong></span> 
     </span>
     <span class='ocr_line' id='line_1_21' title="bbox 241 2817 801 2904; baseline -0.007 -20"><span class='ocrx_word' id='word_1_162' title='bbox 241 2818 331 2904; x_wconf 87' lang='lat' dir='ltr'><strong>regni</strong></span> <span class='ocrx_word' id='word_1_163' title='bbox 347 2819 398 2883; x_wconf 87' lang='lat' dir='ltr'><strong>sui</strong></span> <span class='ocrx_word' id='word_1_164' title='bbox 412 2817 658 2903; x_wconf 87' lang='lat' dir='ltr'><strong>quadragesimo</strong></span> <span class='ocrx_word' id='word_1_165' title='bbox 673 2825 801 2882; x_wconf 85' lang='lat' dir='ltr'><strong>octavo.</strong></span> 
     </span>
    </p>

    <p class='ocr_par' dir='ltr' id='par_1_5' title="bbox 207 2916 1611 4152">
     <span class='ocr_line' id='line_1_22' title="bbox 287 2916 1584 3004; baseline -0.002 -19"><span class='ocrx_word' id='word_1_166' title='bbox 287 2921 415 2998; x_wconf 86' lang='lat' dir='ltr'><strong>Postea,</strong></span> <span class='ocrx_word' id='word_1_167' title='bbox 438 2919 588 3004; x_wconf 88' lang='lat' dir='ltr'><strong>proximo</strong></span> <span class='ocrx_word' id='word_1_168' title='bbox 604 2917 655 2982; x_wconf 94' lang='lat' dir='ltr'><strong>die</strong></span> <span class='ocrx_word' id='word_1_169' title='bbox 684 2927 760 2982; x_wconf 86' lang='lat' dir='ltr'><strong>aute</strong></span> <span class='ocrx_word' id='word_1_170' title='bbox 782 2918 902 2982; x_wconf 81' lang='lat' dir='ltr'><strong>festum</strong></span> <span class='ocrx_word' id='word_1_171' title='bbox 924 2916 1035 2981; x_wconf 84' lang='lat' dir='ltr'><strong>Sancti</strong></span> <span class='ocrx_word' id='word_1_172' title='bbox 1051 2916 1211 3001; x_wconf 84' lang='lat' dir='ltr'><strong>Gregorii,</strong></span> <span class='ocrx_word' id='word_1_173' title='bbox 1227 2917 1390 2983; x_wconf 88' lang='lat' dir='ltr'><strong>Dominus</strong></span> <span class='ocrx_word' id='word_1_174' title='bbox 1403 2941 1584 2991; x_wconf 57' lang='lat' dir='ltr'><strong>paramum</strong></span> 
     </span>
     <span class='ocr_line' id='line_1_23' title="bbox 243 3006 1611 3118; baseline -0.001 -33"><span class='ocrx_word' id='word_1_175' title='bbox 243 3020 423 3085; x_wconf 79' lang='lat' dir='ltr'><strong>Edwardus</strong></span> <span class='ocrx_word' id='word_1_176' title='bbox 449 3030 484 3084; x_wconf 92' lang='lat' dir='ltr'><strong>et</strong></span> <span class='ocrx_word' id='word_1_177' title='bbox 508 3018 672 3083; x_wconf 88' lang='lat' dir='ltr'><strong>Henricus</strong></span> <span class='ocrx_word' id='word_1_178' title='bbox 697 3019 739 3083; x_wconf 86' lang='lat' dir='ltr'><strong>de</strong></span> <span class='ocrx_word' id='word_1_179' title='bbox 753 3018 956 3098; x_wconf 80' lang='lat' dir='ltr'><strong>Alemannis,</strong></span> <span class='ocrx_word' id='word_1_180' title='bbox 971 3017 1026 3103; x_wconf 90' lang='lat' dir='ltr'><strong>qui</strong></span> <span class='ocrx_word' id='word_1_181' title='bbox 1042 3017 1077 3080; x_wconf 93' lang='lat' dir='ltr'><strong>in</strong></span> <span class='ocrx_word' id='word_1_182' title='bbox 1091 3017 1193 3103; x_wconf 92' lang='lat' dir='ltr'><strong>prelio</strong></span> <span class='ocrx_word' id='word_1_183' title='bbox 1209 3019 1249 3084; x_wconf 91' lang='lat' dir='ltr'><strong>de</strong></span> <span class='ocrx_word' id='word_1_184' title='bbox 1264 3019 1390 3084; x_wconf 85' lang='lat' dir='ltr'><strong>Liavves</strong></span> <span class='ocrx_word' id='word_1_185' title='bbox 1402 3006 1611 3118; x_wconf 38' lang='lat' dir='ltr'><strong>maffia..</strong></span> 
     </span>
     <span class='ocr_line' id='line_1_24' title="bbox 242 3120 1610 3209; baseline -0.001 -23"><span class='ocrx_word' id='word_1_186' title='bbox 242 3131 422 3208; x_wconf 90' lang='lat' dir='ltr'><strong>posuerunt</strong></span> <span class='ocrx_word' id='word_1_187' title='bbox 448 3143 483 3186; x_wconf 90' lang='lat' dir='ltr'><strong>se</strong></span> <span class='ocrx_word' id='word_1_188' title='bbox 512 3120 653 3201; x_wconf 89' lang='lat' dir='ltr'><strong>obsides,</strong></span> <span class='ocrx_word' id='word_1_189' title='bbox 669 3142 839 3206; x_wconf 88' lang='lat' dir='ltr'><strong>quousque</strong></span> <span class='ocrx_word' id='word_1_190' title='bbox 867 3141 932 3207; x_wconf 85' lang='lat' dir='ltr'><strong>pax</strong></span> <span class='ocrx_word' id='word_1_191' title='bbox 959 3120 1188 3185; x_wconf 89' lang='lat' dir='ltr'><strong>reformaretur</strong></span> <span class='ocrx_word' id='word_1_192' title='bbox 1213 3120 1247 3185; x_wconf 93' lang='lat' dir='ltr'><strong>in</strong></span> <span class='ocrx_word' id='word_1_193' title='bbox 1262 3120 1389 3206; x_wconf 89' lang='lat' dir='ltr'><strong>Anglia,</strong></span> <span class='ocrx_word' id='word_1_194' title='bbox 1402 3134 1503 3209; x_wconf 55' lang='lat' dir='ltr'><strong>ueneat</strong></span> <span class='ocrx_word' id='word_1_195' title='bbox 1512 3136 1541 3184; x_wconf 71' lang='lat' dir='ltr'><strong>aa</strong></span> <span class='ocrx_word' id='word_1_196' title='bbox 1553 3137 1610 3184; x_wconf 70' lang='lat' dir='ltr'><strong>Ata·</strong></span> 
     </span>
     <span class='ocr_line' id='line_1_25' title="bbox 207 3214 1510 3308; baseline 0.003 -22"><span class='ocrx_word' id='word_1_197' title='bbox 207 3225 210 3232; x_wconf 90' lang='lat'>&#39;</span> <span class='ocrx_word' id='word_1_198' title='bbox 240 3221 367 3287; x_wconf 90' lang='lat' dir='ltr'><strong>liberati</strong></span> <span class='ocrx_word' id='word_1_199' title='bbox 395 3224 528 3288; x_wconf 78' lang='lat' dir='ltr'><strong>fuerunt</strong></span> <span class='ocrx_word' id='word_1_200' title='bbox 555 3223 700 3287; x_wconf 92' lang='lat' dir='ltr'><strong>Domino</strong></span> <span class='ocrx_word' id='word_1_201' title='bbox 729 3223 823 3308; x_wconf 86' lang='lat' dir='ltr'><strong>Regi,</strong></span> <span class='ocrx_word' id='word_1_202' title='bbox 840 3222 933 3288; x_wconf 90' lang='lat' dir='ltr'><strong>liberi</strong></span> <span class='ocrx_word' id='word_1_203' title='bbox 962 3232 997 3288; x_wconf 91' lang='lat' dir='ltr'><strong>et</strong></span> <span class='ocrx_word' id='word_1_204' title='bbox 1025 3222 1136 3307; x_wconf 90' lang='lat' dir='ltr'><strong>quieti,</strong></span> <span class='ocrx_word' id='word_1_205' title='bbox 1162 3244 1271 3288; x_wconf 90' lang='lat' dir='ltr'><strong>coram</strong></span> <span class='ocrx_word' id='word_1_206' title='bbox 1300 3225 1391 3290; x_wconf 90' lang='lat' dir='ltr'><strong>omni</strong></span> <span class='ocrx_word' id='word_1_207' title='bbox 1402 3214 1510 3246; x_wconf 65' lang='lat' dir='ltr'><strong>mensa</strong></span> 
     </span>
     <span class='ocr_line' id='line_1_26' title="bbox 241 3324 1391 3411; baseline 0.001 -21"><span class='ocrx_word' id='word_1_208' title='bbox 241 3325 364 3411; x_wconf 90' lang='lat' dir='ltr'><strong>populo</strong></span> <span class='ocrx_word' id='word_1_209' title='bbox 392 3325 428 3388; x_wconf 93' lang='lat' dir='ltr'><strong>in</strong></span> <span class='ocrx_word' id='word_1_210' title='bbox 452 3347 568 3410; x_wconf 89' lang='lat' dir='ltr'><strong>magna</strong></span> <span class='ocrx_word' id='word_1_211' title='bbox 596 3324 669 3389; x_wconf 84' lang='lat' dir='ltr'><strong>aula</strong></span> <span class='ocrx_word' id='word_1_212' title='bbox 693 3324 998 3396; x_wconf 73' lang='lat' dir='ltr'><strong>westmonasterii:</strong></span> <span class='ocrx_word' id='word_1_213' title='bbox 1032 3333 1065 3388; x_wconf 89' lang='lat' dir='ltr'><strong>et</strong></span> <span class='ocrx_word' id='word_1_214' title='bbox 1093 3333 1172 3389; x_wconf 88' lang='lat' dir='ltr'><strong>tuuc</strong></span> <span class='ocrx_word' id='word_1_215' title='bbox 1200 3326 1283 3391; x_wconf 80' lang='lat' dir='ltr'><strong>lecta</strong></span> <span class='ocrx_word' id='word_1_216' title='bbox 1312 3337 1391 3391; x_wconf 85' lang='lat' dir='ltr'><strong>sunt</strong></span> 
     </span>
     <span class='ocr_line' id='line_1_27' title="bbox 241 3425 1388 3513; baseline 0.001 -22"><span class='ocrx_word' id='word_1_217' title='bbox 241 3427 380 3512; x_wconf 88' lang='lat' dir='ltr'><strong>quedam</strong></span> <span class='ocrx_word' id='word_1_218' title='bbox 402 3426 509 3492; x_wconf 86' lang='lat' dir='ltr'><strong>littere</strong></span> <span class='ocrx_word' id='word_1_219' title='bbox 538 3426 725 3512; x_wconf 86' lang='lat' dir='ltr'><strong>obligatorie</strong></span> <span class='ocrx_word' id='word_1_220' title='bbox 740 3427 877 3492; x_wconf 88' lang='lat' dir='ltr'><strong>Domini</strong></span> <span class='ocrx_word' id='word_1_221' title='bbox 901 3427 1000 3513; x_wconf 75' lang='lat' dir='ltr'><strong>Regis</strong></span> <span class='ocrx_word' id='word_1_222' title='bbox 1025 3436 1059 3492; x_wconf 91' lang='lat' dir='ltr'><strong>et</strong></span> <span class='ocrx_word' id='word_1_223' title='bbox 1074 3425 1209 3490; x_wconf 89' lang='lat' dir='ltr'><strong>Domini</strong></span> <span class='ocrx_word' id='word_1_224' title='bbox 1224 3427 1388 3510; x_wconf 80' lang='lat' dir='ltr'><strong>Edwardi,</strong></span> 
     </span>
     <span class='ocr_line' id='line_1_28' title="bbox 239 3528 1387 3616; baseline 0 -22"><span class='ocrx_word' id='word_1_225' title='bbox 239 3530 272 3594; x_wconf 92' lang='lat' dir='ltr'><strong>in</strong></span> <span class='ocrx_word' id='word_1_226' title='bbox 299 3530 416 3615; x_wconf 93' lang='lat' dir='ltr'><strong>quibus</strong></span> <span class='ocrx_word' id='word_1_227' title='bbox 431 3529 618 3595; x_wconf 87' lang='lat' dir='ltr'><strong>continetur</strong></span> <span class='ocrx_word' id='word_1_228' title='bbox 632 3531 770 3616; x_wconf 89' lang='lat' dir='ltr'><strong>qualiter</strong></span> <span class='ocrx_word' id='word_1_229' title='bbox 785 3540 818 3594; x_wconf 92' lang='lat' dir='ltr'><strong>et</strong></span> <span class='ocrx_word' id='word_1_230' title='bbox 840 3529 904 3594; x_wconf 91' lang='lat' dir='ltr'><strong>sub</strong></span> <span class='ocrx_word' id='word_1_231' title='bbox 920 3553 983 3616; x_wconf 89' lang='lat' dir='ltr'><strong>qua</strong></span> <span class='ocrx_word' id='word_1_232' title='bbox 997 3551 1082 3615; x_wconf 90' lang='lat' dir='ltr'><strong>pena</strong></span> <span class='ocrx_word' id='word_1_233' title='bbox 1095 3528 1169 3613; x_wconf 91' lang='lat' dir='ltr'><strong>ipsi,</strong></span> <span class='ocrx_word' id='word_1_234' title='bbox 1186 3539 1387 3595; x_wconf 89' lang='lat' dir='ltr'><strong>sacramento</strong></span> 
     </span>
     <span class='ocr_line' id='line_1_29' title="bbox 240 3631 1388 3719; baseline 0.001 -24"><span class='ocrx_word' id='word_1_235' title='bbox 240 3632 387 3718; x_wconf 86' lang='lat' dir='ltr'><strong>prestito,</strong></span> <span class='ocrx_word' id='word_1_236' title='bbox 401 3633 622 3719; x_wconf 89' lang='lat' dir='ltr'><strong>promiserunt</strong></span> <span class='ocrx_word' id='word_1_237' title='bbox 646 3632 687 3696; x_wconf 91' lang='lat' dir='ltr'><strong>ad</strong></span> <span class='ocrx_word' id='word_1_238' title='bbox 713 3631 977 3716; x_wconf 72' lang='lat' dir='ltr'><strong>tranquillitatem</strong></span> <span class='ocrx_word' id='word_1_239' title='bbox 993 3641 1027 3696; x_wconf 91' lang='lat' dir='ltr'><strong>ct</strong></span> <span class='ocrx_word' id='word_1_240' title='bbox 1045 3652 1158 3718; x_wconf 85' lang='lat' dir='ltr'><strong>pacem</strong></span> <span class='ocrx_word' id='word_1_241' title='bbox 1173 3631 1263 3716; x_wconf 89' lang='lat' dir='ltr'><strong>regni</strong></span> <span class='ocrx_word' id='word_1_242' title='bbox 1278 3631 1388 3697; x_wconf 87' lang='lat' dir='ltr'><strong>obser·</strong></span> 
     </span>
     <span class='ocr_line' id='line_1_30' title="bbox 239 3733 1609 3833; baseline -0.001 -33"><span class='ocrx_word' id='word_1_243' title='bbox 239 3737 371 3800; x_wconf 79' lang='lat' dir='ltr'><strong>vendas.</strong></span> <span class='ocrx_word' id='word_1_244' title='bbox 416 3735 462 3799; x_wconf 83' lang='lat' dir='ltr'><strong>Et</strong></span> <span class='ocrx_word' id='word_1_245' title='bbox 486 3744 566 3800; x_wconf 92' lang='lat' dir='ltr'><strong>tunc</strong></span> <span class='ocrx_word' id='word_1_246' title='bbox 592 3757 710 3801; x_wconf 89' lang='lat' dir='ltr'><strong>novem</strong></span> <span class='ocrx_word' id='word_1_247' title='bbox 726 3735 893 3820; x_wconf 82' lang='lat' dir='ltr'><strong>Episcopi,</strong></span> <span class='ocrx_word' id='word_1_248' title='bbox 914 3733 1154 3821; x_wconf 87' lang='lat' dir='ltr'><strong>pontificalibus</strong></span> <span class='ocrx_word' id='word_1_249' title='bbox 1180 3733 1297 3814; x_wconf 90' lang='lat' dir='ltr'><strong>induti,</strong></span> <span class='ocrx_word' id='word_1_250' title='bbox 1313 3756 1387 3799; x_wconf 91' lang='lat' dir='ltr'><strong>can-</strong></span> <span class='ocrx_word' id='word_1_251' title='bbox 1399 3783 1457 3831; x_wconf 58' lang='lat' dir='ltr'><em>M</em></span> <span class='ocrx_word' id='word_1_252' title='bbox 1467 3783 1550 3832; x_wconf 54' lang='lat' dir='ltr'><strong>,m</strong></span> <span class='ocrx_word' id='word_1_253' title='bbox 1560 3800 1609 3833; x_wconf 64' lang='lat' dir='ltr'><strong>sea</strong></span> 
     </span>
     <span class='ocr_line' id='line_1_31' title="bbox 240 3835 1593 3926; baseline -0.004 -25"><span class='ocrx_word' id='word_1_254' title='bbox 240 3837 321 3902; x_wconf 81' lang='lat' dir='ltr'><strong>delia</strong></span> <span class='ocrx_word' id='word_1_255' title='bbox 335 3837 490 3916; x_wconf 89' lang='lat' dir='ltr'><strong>accensis,</strong></span> <span class='ocrx_word' id='word_1_256' title='bbox 500 3837 862 3904; x_wconf 86' lang='lat' dir='ltr'><strong>excommunicaverunt</strong></span> <span class='ocrx_word' id='word_1_257' title='bbox 883 3857 996 3902; x_wconf 91' lang='lat' dir='ltr'><strong>omnes</strong></span> <span class='ocrx_word' id='word_1_258' title='bbox 1011 3835 1095 3917; x_wconf 88' lang='lat' dir='ltr'><strong>illos,</strong></span> <span class='ocrx_word' id='word_1_259' title='bbox 1111 3837 1166 3922; x_wconf 93' lang='lat' dir='ltr'><strong>qui</strong></span> <span class='ocrx_word' id='word_1_260' title='bbox 1180 3836 1301 3922; x_wconf 89' lang='lat' dir='ltr'><strong>aliquid</strong></span> <span class='ocrx_word' id='word_1_261' title='bbox 1315 3859 1388 3923; x_wconf 92' lang='lat' dir='ltr'><strong>pre·</strong></span> <span class='ocrx_word' id='word_1_262' title='bbox 1400 3849 1475 3924; x_wconf 59' lang='lat' dir='ltr'><strong>im</strong></span> <span class='ocrx_word' id='word_1_263' title='bbox 1486 3850 1536 3925; x_wconf 68' lang='lat' dir='ltr'><strong>uu</strong></span> <span class='ocrx_word' id='word_1_264' title='bbox 1546 3849 1593 3926; x_wconf 25' lang='lat' dir='ltr'><strong>uia·</strong></span> 
     </span>
     <span class='ocr_line' id='line_1_32' title="bbox 242 3913 1610 4038; baseline 0.001 -36"><span class='ocrx_word' id='word_1_265' title='bbox 242 3948 407 4003; x_wconf 89' lang='lat' dir='ltr'><strong>sumerent</strong></span> <span class='ocrx_word' id='word_1_266' title='bbox 429 3949 542 4004; x_wconf 91' lang='lat' dir='ltr'><strong>contra</strong></span> <span class='ocrx_word' id='word_1_267' title='bbox 570 3949 673 4005; x_wconf 88' lang='lat' dir='ltr'><strong>cartas</strong></span> <span class='ocrx_word' id='word_1_268' title='bbox 703 3940 744 4004; x_wconf 91' lang='lat' dir='ltr'><strong>dc</strong></span> <span class='ocrx_word' id='word_1_269' title='bbox 772 3939 975 4005; x_wconf 86' lang='lat' dir='ltr'><strong>libertatibus</strong></span> <span class='ocrx_word' id='word_1_270' title='bbox 1001 3950 1034 4004; x_wconf 91' lang='lat' dir='ltr'><strong>ct</strong></span> <span class='ocrx_word' id='word_1_271' title='bbox 1058 3939 1189 4017; x_wconf 85' lang='lat' dir='ltr'><strong>foresta,</strong></span> <span class='ocrx_word' id='word_1_272' title='bbox 1204 3959 1262 4002; x_wconf 92' lang='lat' dir='ltr'><strong>seu</strong></span> <span class='ocrx_word' id='word_1_273' title='bbox 1276 3913 1610 4038; x_wconf 49' lang='grc' dir='ltr'><strong>ηοητηιξξξζζθξζζζζξξζ’Ψισζ</strong></span> 
     </span>
     <span class='ocr_line' id='line_1_33' title="bbox 242 4041 1577 4152; baseline 0.001 -48"><span class='ocrx_word' id='word_1_274' title='bbox 242 4047 364 4104; x_wconf 87' lang='lat' dir='ltr'><strong>statuta</strong></span> <span class='ocrx_word' id='word_1_275' title='bbox 379 4061 440 4124; x_wconf 89' lang='lat' dir='ltr'><strong>que</strong></span> <span class='ocrx_word' id='word_1_276' title='bbox 454 4043 584 4126; x_wconf 88' lang='lat' dir='ltr'><strong>provisa</strong></span> <span class='ocrx_word' id='word_1_277' title='bbox 594 4043 724 4107; x_wconf 87' lang='lat' dir='ltr'><strong>luerunt</strong></span> <span class='ocrx_word' id='word_1_278' title='bbox 734 4064 820 4107; x_wconf 91' lang='lat' dir='ltr'><strong>anno</strong></span> <span class='ocrx_word' id='word_1_279' title='bbox 830 4041 1026 4127; x_wconf 89' lang='lat' dir='ltr'><strong>precedenti.</strong></span> <span class='ocrx_word' id='word_1_280' title='bbox 1318 4139 1324 4152; x_wconf 25' lang='grc' dir='ltr'>υ</span> <span class='ocrx_word' id='word_1_281' title='bbox 1399 4043 1577 4152; x_wconf 40' lang='lat' dir='ltr'><strong>maffia*</strong></span> 
     </span>
    </p>
   </div>
   <div class='ocr_carea' id='block_1_4' title="bbox 285 4138 1610 4227">
    <p class='ocr_par' dir='ltr' id='par_1_6' title="bbox 285 4138 1610 4227">
     <span class='ocr_line' id='line_1_34' title="bbox 285 4138 1610 4227; baseline 0.001 -22"><span class='ocrx_word' id='word_1_282' title='bbox 285 4141 332 4205; x_wconf 84' lang='lat' dir='ltr'><strong>Et</strong></span> <span class='ocrx_word' id='word_1_283' title='bbox 346 4150 424 4206; x_wconf 92' lang='lat' dir='ltr'><strong>tunc</strong></span> <span class='ocrx_word' id='word_1_284' title='bbox 438 4141 521 4208; x_wconf 88' lang='lat' dir='ltr'><strong>lecte</strong></span> <span class='ocrx_word' id='word_1_285' title='bbox 534 4145 667 4208; x_wconf 81' lang='lat' dir='ltr'><strong>fuerunt</strong></span> <span class='ocrx_word' id='word_1_286' title='bbox 680 4143 820 4227; x_wconf 87' lang='lat' dir='ltr'><strong>quedam</strong></span> <span class='ocrx_word' id='word_1_287' title='bbox 835 4143 895 4208; x_wconf 88' lang='lat' dir='ltr'><strong>alie</strong></span> <span class='ocrx_word' id='word_1_288' title='bbox 916 4143 1009 4208; x_wconf 88' lang='lat' dir='ltr'><strong>litere</strong></span> <span class='ocrx_word' id='word_1_289' title='bbox 1023 4138 1160 4206; x_wconf 88' lang='lat' dir='ltr'><strong>Domini</strong></span> <span class='ocrx_word' id='word_1_290' title='bbox 1174 4138 1337 4220; x_wconf 76' lang='lat' dir='ltr'><strong>Edwards,</strong></span> <span class='ocrx_word' id='word_1_291' title='bbox 1352 4138 1386 4203; x_wconf 93' lang='lat' dir='ltr'><strong>in</strong></span> <span class='ocrx_word' id='word_1_292' title='bbox 1398 4169 1529 4219; x_wconf 57' lang='lat' dir='ltr'><strong>mm,</strong></span> <span class='ocrx_word' id='word_1_293' title='bbox 1544 4178 1564 4221; x_wconf 61' lang='grc' dir='ltr'><strong>,ι</strong></span> <span class='ocrx_word' id='word_1_294' title='bbox 1582 4173 1610 4219; x_wconf 54' lang='grc' dir='ltr'><strong>α,</strong></span> 
     </span>
    </p>
   </div>
   <div class='ocr_carea' id='block_1_5' title="bbox 0 0 1964 5022">
    <p class='ocr_par' dir='ltr' id='par_1_7' title="bbox 0 0 1964 5022">
     <span class='ocr_line' id='line_1_35' title="bbox 0 0 1964 5022; baseline 0 2"><span class='ocrx_word' id='word_1_295' title='bbox 0 0 1964 5022; x_wconf 95' lang='lat' dir='ltr'><strong> </strong></span> 
     </span>
    </p>
   </div>
  </div>
 </body>
</html>
