3886 5010
712 607 912 698 Arrnunrx.
1315 634 1375 694 201

265 803 339 852 Anno
348 805 450 866 predicti
461 803 533 864 Regis
543 803 586 852 i10.
598 810 668 852 ustus
684 811 720 852 est
734 807 757 852 el
767 805 839 864 fliius,
850 805 949 863 seilloet,
966 805 991 851 lu
1006 802 1086 864 vigilis
1097 802 1239 864 Epiphanio,
1249 808 1273 850 et
1283 807 1382 850 rosetus

233 892 269 933 est
281 887 407 936 liiesrdus.

266 968 339 1015 Anno
349 968 451 1030 prodisti
461 967 533 1029 Regis
542 973 577 1016 1⁰.
586 969 651 1016 idern
661 968 715 1016 Rex
730 970 858 1031 esptimit
873 983 956 1016 omnes
972 967 1065 1015 Judeos
1082 981 1125 1028 per
1141 973 1216 1016 tolsm
1233 966 1347 1028 Anglinm
1357 970 1383 1012 et

232 1050 341 1109 spoliavit
351 1065 391 1098 eos
401 1064 477 1110 usque
487 1050 518 1097 sd
530 1050 579 1097 lxvi
589 1051 655 1099 millo
665 1066 755 1098 nrsrous
765 1051 866 1112 urgenti.

266 1131 328 1178 Item
338 1134 421 1180 eodeni
432 1147 495 1179 suno
506 1133 624 1180 destruxit
633 1146 715 1180 omues
726 1134 808 1180 domos
818 1134 936 1180 Alborum
947 1131 1120 1180 islensehorum
1131 1147 1174 1194 per
1183 1139 1258 1180 totum
1268 1130 1384 1192 Argum

231 1211 296 1258 eires
306 1211 392 1258 testum
403 1211 487 1259 Senoti
497 1211 611 1270 Muttinig
627 1213 662 1259 ils
677 1213 743 1272 quod
761 1213 863 1273 predieti
880 1213 990 1258 monsohi
1006 1226 1049 1271 per
1066 1213 1169 1260 diversus
1186 1213 1269 1260 domos
1285 1211 1383 1271 dispersi

231 1299 296 1352 nint,
307 1297 331 1340 et
340 1303 498 1340 snuuments
508 1304 544 1340 est
554 1294 686 1354 redemptio
695 1307 780 1340 eorum
792 1307 868 1354 usque
878 1293 910 1339 sd
922 1309 981 1342 xxx.
992 1293 1058 1340 mille
1069 1309 1160 1342 meroes
1170 1301 1195 1341 et
1206 1293 1231 1356 iij
1246 1293 1280 1341 Μ.
1291 1307 1384 1340 meroes

232 1379 258 1420 st
267 1387 317 1421 ooo.
325 1387 417 1421 morou
427 1380 452 1421 et
463 1374 548 1420 xxxiii.
559 1387 659 1421 meroes.

265 1454 320 1500 Hoo
330 1455 402 1500 etism
412 1469 477 1501 snuo
487 1454 596 1502 leserunt
611 1455 684 1502 linem
694 1469 775 1502 serem
782 1454 886 1502 eundem
902 1455 992 1517 Regem
1002 1468 1084 1501 omnes
1103 1455 1188 1500 domus
1199 1452 1331 1514 Religionis
1341 1465 1384 1512 per

232 1533 348 1594 Anglisru
364 1535 493 1581 eonstitute
509 1539 560 1581 tum
577 1534 752 1584 llonwltornrn
768 1550 842 1596 quum
857 1535 1041 1592 Cenonioorm
1053 1534 1267 1595 Hospitulsriorum
1278 1540 1303 1580 et
1313 1532 1382 1579 Tem·

233 1615 364 1677 pluriorum
374 1617 438 1662 eires
446 1616 544 1664 Pnsohn.

267 1697 340 1743 Anno
351 1697 451 1757 prodisti
460 1697 532 1759 Regis
542 1698 605 1756 xiii0,
619 1699 685 1744 idem
698 1697 761 1756 Rex,
768 1703 911 1759 eougregsto
922 1698 1029 1745 exercitu
1039 1697 1089 1744 lere
1100 1697 1173 1744 totius
1188 1695 1278 1757 Anglie
1285 1700 1310 1742 et
1321 1695 1384 1741 lon-

234 1777 398 1836 doniensibus,
416 1779 482 1826 venit
499 1779 565 1839 spud
588 1779 715 1826 Dorerism
734 1779 761 1825 iii
785 1779 900 1826 menon
917 1778 976 1824 Muti
995 1779 1124 1825 ιοιίιιοιιᾱο
1141 1783 1225 1824 oontrs
1246 1777 1385 1837 Philippum

236 1856 327 1918 Regem
335 1855 501 1916 Frunoornru3
517 1859 560 1919 qul
569 1859 601 1905 sd
615 1859 771 1905 monitionem
781 1859 884 1920 prodisti
899 1859 964 1919 Pupe
976 1858 1111 1906 Iunoeentii
1121 1873 1237 1920 mgnum
1253 1859 1385 1905 exereitum

235 1944 419 2000 oongrsgsrerst
429 1939 455 1986 in
463 1941 570 2001 pertibus
582 1940 632 1987 suh
641 1940 753 1987 veniendi
762 1941 787 1986 in
795 1940 909 2002 Auglism
919 1955 991 2001 super
1001 1941 1136 2001 predictum
1144 1941 1233 2002 Regem
1241 1941 1257 1986 J
1259 1941 1385 1986 ohannem.

270 2019 343 2066 Unde
353 2020 433 2068 stetim
441 2020 503 2068 tsols
513 2027 549 2069 est
556 2022 684 2068 oonoordls
693 2021 756 2070 inter
767 2022 899 2068 Dominum
910 2021 1000 2082 Pspssn
1010 2027 1035 2068 et
1045 2022 1137 2068 dietum
1146 2021 1236 2082 Regum
1244 2028 1268 2068 et
1280 2023 1362 2082 jursts
1372 2034 1388 2065 s

236 2101 319 2149 multis
329 2101 462 2149 (inmitibus
471 2108 542 2162 terre,
558 2103 604 2151 hoo
623 2103 714 2160 modo;
729 2104 794 2164 quod
813 2104 878 2149 idem
894 2103 947 2150 Rex
962 2103 1061 2163 recipiet
1079 2104 1142 2150 bons
1155 2117 1213 2164 psoe
1230 2103 1387 2163 Stephsuum‚

236 2181 449 2242 Arshieplsoopum
459 2183 596 2241 Osntusrie,
610 2189 635 2230 et
651 2189 741 2230 saeros
757 2184 879 2244 episeopus
892 2183 990 2245 Anglle,
1005 2189 1030 2230 et
1048 2185 1157 2231 restituet
1167 2185 1200 2230 eis
1211 2184 1291 2230 omnis
1300 2182 1387 2241 ableto,

236 2269 261 2312 et
271 2263 397 2312 nfisfioiet
405 2263 493 2312 Ssnete
504 2265 611 2312 Eoolesle
621 2266 647 2311 iu
656 2265 767 2312 omuibus
774 2270 799 2312 ot
809 2265 900 2312 olerieis
911 2271 935 2312 et
949 2265 1015 2311 luicis
1025 2270 1050 2312 et
1063 2265 1123 2324 eliis,
1135 2267 1223 2327 quibus
1233 2279 1305 2312 usust
1315 2265 1388 2312 intes

237 2345 297 2392 dieti
315 2345 420 2407 dnnpns
436 2347 502 2394 illsts
518 2352 583 2395 suut
616 2346 685 2393 ldetn
701 2360 757 2394 vero
773 2347 827 2393 Rex
844 2346 958 2408 obligsvit
975 2359 1050 2408 regns
1067 2361 1112 2395 sus
1122 2346 1210 2408 Anglie
1229 2346 1388 2404 stilibernie,

236 2427 361 2474 reddendo
369 2427 426 2475 inde
433 2429 560 2475 eunnsdm
568 2427 675 2475 Rotnsne
684 2429 782 2475 eoelesie
792 2427 858 2474 mille
869 2441 960 2474 nruress
970 2429 1146 2490 sterlingorum,
1156 2429 1254 2488 seilioet,
1265 2441 1309 2490 pro
1315 2441 1389 2489 regno

238 2507 327 2569 Anglie
338 2508 380 2554 riie
391 2521 483 2555 meroes
493 2514 518 2556 et
525 2522 570 2569 pro
580 2523 655 2572 regno
664 2507 783 2557 Hibernis
793 2510 830 2556 iiie
841 2523 939 2558 meren.
973 2509 1005 2556 Et
1016 2509 1202 2558 tunesbsolutus
1210 2511 1317 2557 estidem
1327 2509 1389 2568 Rex,

235 2591 304 2649 prius
314 2595 395 2636 tumen
407 2591 505 2649 prestito
512 2591 650 2651 jumento
665 2592 730 2652 quod
741 2592 767 2638 iu
778 2591 889 2638 omnibus
899 2590 1044 2638 atistsueret
1054 2591 1141 2638 Ssnete
1153 2591 1259 2638 Eeolesie
1267 2592 1297 2638 de
1304 2591 1391 2638 ablutis

239 2669 401 2718 restituendis.

271 2750 345 2797 Anno
361 2750 462 2809 predioti
477 2749 549 2810 Regis
565 2749 638 2811 xiiij⁰.
650 2750 783 2797 relnntum
794 2757 829 2798 est
839 2751 974 2811 prsdietum
988 2751 1143 2798 interdlotum
1154 2752 1179 2797 in
1192 2750 1298 2798 Boulesis
1308 2751 1391 2798 Sunoti

241 2831 311 2878 Psnli
322 2831 502 2877 londoniarum
513 2831 538 2876 in
550 2831 590 2877 die
601 2831 744 2878 &notorum
752 2832 858 2878 Processi
866 2837 891 2878 et
900 2831 1048 2890 Muttinisnl,
1056 2838 1164 2892 presente
1175 2833 1264 2878 ibidem
1275 2831 1391 2878 Niolrolso

236 2911 375 2973 Apostolioe
391 2911 460 2958 Sedis
476 2911 562 2972 legato,
579 2917 604 2958 et
621 2911 743 2972 Stephano
758 2913 887 2959 Ountusrie
904 2912 1097 2973 Arohiepiseopn,
1109 2919 1134 2960 et
1149 2913 1231 2960 multis
1240 2913 1310 2970 uliis3
1326 2914 1391 2973 quod

238 2993 394 3042 interdiotum
412 2993 508 3040 duravit
525 3007 568 3054 per
586 2998 661 3042 totam
680 2993 795 3055 Anglism
813 3008 857 3054 per
874 3008 917 3041 sex
935 3007 1011 3040 runos
1029 3000 1054 3041 et
1071 3009 1116 3055 per
1133 2995 1185 3056 xiiij
1205 2995 1349 3041 ebdomades
1367 3004 1391 3043 et

237 3083 285 3124 tres
296 3076 355 3126 dies.

271 3156 345 3203 Anno
362 3163 405 3203 xu‘
421 3170 493 3204 oruoe
507 3155 615 3218 signetus
629 3161 663 3204 eet
676 3156 740 3203 idem
757 3157 809 3203 Rex
819 3171 835 3202 s
846 3157 949 3204 Domino
961 3155 1091 3204 willielmo
1102 3157 1263 3216 londoniensi
1274 3157 1393 3219 Episoopo

239 3240 266 3286 in
278 3239 384 3286 Eoelesls
399 3238 482 3286 Sunoti
504 3238 573 3286 Psuli
584 3244 608 3287 et
619 3238 772 3301 quamplures
786 3245 908 3300 magnetes
919 3239 1008 3300 Anglie
1019 3239 1044 3286 in
1056 3241 1134 3300 sepite
1144 3240 1324 3302 qusdrsgeeimu
1333 3247 1392 3287 tuno

274 3402 366 3450 Eodem
376 3414 441 3447 suno
451 3406 503 3448 orte
512 3407 549 3448 est
558 3415 644 3462 guerre
655 3403 718 3450 luter
728 3403 806 3464 ipsum
818 3401 907 3463 Regem
918 3406 943 3448 et
958 3401 1062 3448 Berones
1071 3415 1126 3450 suos
1135 3402 1200 3450 eires
1208 3403 1296 3451 mtum
1307 3402 1393 3450 Iuren-

242 3486 314 3534 tiouis
325 3485 413 3532 Senete
423 3483 515 3542 0ruois,
531 3485 589 3545 quis
604 3485 654 3546 ipse
671 3484 749 3532 noluit
765 3485 901 3546 permittere
911 3497 950 3531 eos
961 3485 997 3530 uti
1009 3485 1158 3533 libertstibus
1168 3486 1225 3545 suis,
1235 3501 1295 3547 quse
1305 3487 1394 3534 hebue-

243 3573 301 3614 runt
316 3581 360 3627 per
373 3571 449 3613 sertus
462 3565 654 3625 prudeoessorum
670 3578 776 3623 suorum,
788 3565 882 3626 Regum
892 3563 990 3626 Angue.
1024 3564 1072 3621 Qui
1082 3579 1137 3612 vero
1149 3567 1261 3626 Βιιοιιει,
1272 3567 1328 3615 lieet
1338 3569 1395 3614 luis·
1407 3563 1409 3567 ’

243 3655 297 3697 seut
307 3649 338 3696 de
347 3648 445 3696 divesis
455 3648 562 3708 pertibus
571 3647 640 3708 regni
656 3646 752 3708 Anglie,
770 3653 851 3694 temon
869 3661 951 3694 omnes
969 3647 1067 3696 haunt
1077 3650 1153 3698 soostl
1164 3649 1281 3698 Norenses
1293 3669 1301 3710 3
1316 3651 1358 3711 qui
1371 3651 1395 3696 in

246 3731 326 3793 vigilis
343 3730 426 3778 Sunoti
442 3728 561 3778 Johennis
578 3735 634 3776 snte
651 3734 746 3790 portum
763 3729 874 3776 Ιιιιίιιιιιι
890 3729 998 3776 diffidere
1012 3729 1120 3779 leserunt
1134 3732 1237 3780 eundem
1254 3733 1344 3794 Regem
1355 3746 1398 3793 per

246 3813 367 3871 quendum
377 3811 520 3859 osnonieum
531 3811 627 3872 nigrum
637 3811 703 3872 spud
715 3810 843 3872 Redlnges.
884 3811 939 3871 lpse
955 3817 1036 3859 sutem
1050 3812 1159 3860 leserunt
1174 3813 1306 3860 liebertum
1320 3813 1398 3860 fllium

247 3890 348 3936 Wslteri
358 3895 382 3936 et
393 3889 529 3938 Gsltridum
541 3889 572 3937 de
583 3890 726 3950 Mendevile,
738 3890 888 3938 Muresosllos
898 3893 1017 3938 exereitus
1027 3905 1117 3951 eorum,
1128 3907 1201 3952 quem
1211 3893 1343 3942 exereitum
1355 3893 1399 3954 ipsi

247 3974 391 4016 voosvsrunt
401 3969 533 4016 exereitum
544 3971 598 4018 Dei.

280 4051 353 4097 Anno
372 4050 456 4096 eodem
474 4051 569 4098 reddite
585 4058 621 4099 est
638 4053 726 4102 Civitas
743 4055 923 4102 londoniarum
935 4053 1069 4100 Bsiuuibus
1080 4051 1131 4100 ιιιὶθ
1149 4051 1265 4100 kslendss
1283 4052 1363 4107 lunii,
1374 4052 1400 4098 iu

249 4131 289 4178 die
300 4129 432 4184 Domitios,
443 4136 499 4176 ente
510 4130 593 4176 horem
603 4134 713 4192 primum,
723 4135 791 4180 nullo
801 4135 923 4181 resistente
933 4147 978 4179 nee
989 4133 1063 4180 letum
1073 4139 1217 4192 spponente.
1236 4131 1285 4188 Qul
1297 4131 1402 4178 Berones

249 4227 306 4260 eum
326 4211 532 4259 londoniensibus
547 4213 692 4262 oonledersti
708 4221 765 4261 sunt
783 4221 807 4262 et
820 4215 895 4275 jursti
913 4229 938 4262 se
955 4214 1046 4261 nullam
1063 4228 1146 4275 psoenr
1157 4213 1259 4262 Muros
1269 4227 1324 4260 oum
1338 4213 1403 4274 Rege

297 4315 411 4360 GAMD.
428 4311 499 4359 800.
1019 4304 1038 4358 2
1055 4313 1077 4356 D
