3886 5010
577 547 638 610 176
932 561 1094 607 cnosson
1118 563 1296 608 unionum
1322 565 1366 608 ss

616 709 707 775 Serlo
723 712 753 775 le
769 711 898 776 Μετεετ
912 713 1017 778 sectus
1032 713 1141 779 Maior
1162 715 1196 778 in
1211 715 1296 779 festo
1311 714 1455 780 Simonis
1467 725 1500 778 et
1525 715 1547 780 J
1550 714 1613 780 ude
1635 736 1726 780 enno

571 813 672 898 gretie
688 813 912 878 M⁰CC⁰sexto
927 814 1053 880 decimo
1067 837 1126 901 per
1140 838 1243 882 unum
1258 838 1391 880 annum.

615 915 699 979 Item
716 914 809 979 Idem
824 937 883 1000 ρετ
893 939 995 980 unum
1010 939 1142 982 annum.

616 1017 700 1082 Item
713 1017 806 1082 Idem
820 1039 878 1103 per
892 1040 996 1082 unum
1010 1041 1141 1084 annum.

616 1118 700 1186 Item
717 1118 810 1182 Idem
825 1139 884 1203 per
897 1141 1001 1184 unum
1015 1141 1148 1184 annum.

617 1221 702 1285 Item
719 1221 812 1286 Idem
827 1243 886 1307 per
900 1243 1003 1287 unum
1014 1245 1148 1288 annum.

616 1322 773 1387 Ricardus
789 1323 929 1407 Reinger
942 1345 1001 1408 per
1015 1345 1117 1387 unum
1133 1345 1265 1388 annum.

617 1424 700 1488 Item
718 1423 811 1488 Idem
825 1443 997 1508 perunum
1009 1446 1142 1489 annum.

616 1526 701 1590 Item
717 1525 811 1590 Idem
820 1546 879 1610 ρετ
892 1547 996 1590 unum
1011 1548 1146 1592 sunum.

615 1630 700 1694 Item
716 1629 810 1694 Idem
824 1651 883 1715 per
897 1651 1000 1694 unum
1015 1651 1148 1694 annum.

615 1732 701 1796 Item
717 1731 810 1795 Idem
825 1752 1000 1815 perunum
1016 1751 1147 1794 annum.

616 1834 763 1917 Rogems
778 1833 808 1896 Ie
823 1832 898 1897 Due
908 1853 968 1918 ρετ
978 1853 1081 1897 unum
1096 1854 1231 1897 annum.

615 1935 700 1998 Item
716 1933 809 1998 Idem
824 1956 883 2020 per
897 1956 1000 1999 unum
1015 1955 1149 2000 annum.

615 2036 702 2100 Item
717 2033 810 2099 Idem
825 2056 1001 2119 perunum
1011 2057 1145 2100 annum.

614 2138 699 2201 Item
716 2136 809 2202 Idem
823 2159 883 2222 ρετ
896 2158 1000 2202 unum
1014 2158 1148 2200 annum.

376 2267 424 2298 sno
485 2251 498 2288 η·
614 2239 761 2303 Andreas
777 2238 917 2304 Bukerel
928 2260 987 2323 per
1001 2259 1104 2302 unum
1119 2259 1253 2303 annum.

507 2351 514 2366 ·
614 2341 700 2404 Item
717 2340 810 2405 Idem
825 2362 884 2426 ρετ
897 2361 1000 2404 unum
1015 2361 1149 2404 annum.

615 2443 700 2508 Item
717 2443 810 2507 Idem
824 2464 883 2529 per
897 2463 1000 2506 unum
1015 2463 1148 2506 annum.

616 2545 701 2610 Item
718 2545 810 2611 Idem
825 2565 884 2630 ρετ
897 2566 999 2608 unum
1015 2566 1147 2609 annum.

615 2649 700 2713 Item
717 2648 811 2713 Idem
824 2668 883 2733 per
898 2669 1000 2711 unum
1016 2669 1150 2714 annum.

616 2750 702 2816 Item
718 2751 812 2815 Idem
826 2771 1003 2835 perunum
1018 2772 1152 2814 annum.

616 2853 702 2918 Item
718 2853 811 2919 Idem
826 2873 884 2938 ρετ
898 2874 1002 2917 unum
1016 2874 1151 2918 annum.

615 2955 701 3021 Item
717 2954 874 3021 Ricardus
892 2953 1033 3039 Reinger
1046 2976 1106 3040 per
1119 2977 1220 3019 unum
1237 2975 1369 3017 annum.

614 3057 813 3122 WillieImus
828 3056 851 3122 J
853 3057 984 3140 oyenier
998 3078 1173 3142 perunum
1188 3078 1319 3120 annum.

616 3158 783 3226 Gererdus
798 3159 862 3222 Bet
876 3179 934 3243 per
948 3180 1051 3222 unum
1066 3180 1199 3223 annum.

615 3253 774 3328 Reinerus
789 3261 829 3326 de
845 3262 1000 3348 Bungeye
1014 3283 1072 3348 per
1087 3283 1189 3326 unum
1205 3283 1337 3326 annum.

615 3363 775 3428 Redulfus
790 3364 891 3450 Eswy
904 3385 963 3449 ρετ
976 3385 1080 3428 unum
1095 3385 1229 3428 annum.

617 3469 704 3532 Item
718 3466 811 3532 Idem
826 3487 1001 3551 perunum
1015 3489 1148 3531 annum.
1190 3491 1191 3494 ¹

616 3570 702 3635 Item
717 3566 811 3632 Idem
825 3588 884 3654 ρετ
898 3589 1000 3632 unum
1015 3590 1148 3632 annum.

618 3670 729 3756 (Item)
747 3668 891 3733 Micheel
903 3670 997 3753 Tovy
1011 3690 1069 3754 ρετ
1083 3691 1185 3733 unum
1201 3690 1334 3733 annum.

615 3774 702 3839 Item
716 3770 803 3836 idem
817 3769 939 3836 electus
962 3791 1049 3833 enno
1075 3770 1223 3853 sequenti
1248 3779 1282 3834 et
1302 3791 1369 3835 non
1393 3769 1565 3850 admissus,
1581 3769 1720 3836 Civitate

572 3878 643 3943 sine
651 3875 779 3941 Maiore
794 3893 896 3959 usque
907 3872 949 3936 ad
956 3871 1076 3936 festum
1089 3871 1200 3935 Sancti
1212 3871 1352 3952 uillam,
1364 3883 1397 3939 et
1411 3883 1490 3938 tunc
1500 3873 1523 3939 J
1524 3873 1668 3938 ohannes
1680 3872 1721 3936 de

574 3979 722 4061 Gisoreio
736 3979 841 4043 fectus
856 3986 907 4040 est
921 3972 1029 4039 Maior
1043 3995 1146 4059 usque
1161 3975 1202 4039 ed
1217 3974 1337 4042 festum
1353 3976 1495 4044 Simonis
1511 3986 1545 4042 et
1559 3976 1582 4042 J
1583 3975 1658 4041 ude.

618 4081 733 4146 Petrus
748 4078 834 4143 filius
849 4077 944 4143 Aleni
959 4096 1017 4163 per
1030 4098 1133 4141 unum
1148 4097 1282 4142 annum.
