3898 5022
441 569 574 636 clxxxiv
983 585 1159 631 eneence.

438 744 487 802 the
507 744 604 800 letters
625 749 722 818 petent
740 742 775 798 ot‘
795 740 873 818 King
895 737 1450 818 HenrylV.detedl9tl1July,uinth
1471 757 1538 818 yeer
1552 739 1585 797 of
1602 739 1646 798 bis

439 841 527 918 reign,
541 839 596 898 end
611 840 645 898 of
660 839 742 897 those
756 839 789 897 of
808 839 910 916 llenry
926 839 980 895 Vl.
993 837 1078 895 deted
1091 838 1128 894 81
1145 837 1283 914 Jenmry,
1305 837 1444 894 sixteentb
1465 857 1534 914 yeer
1552 837 1586 896 of
1602 835 1646 894 bis

438 1056 520 1102 belore
530 1055 571 1102 tbe
582 1069 646 1102 nme
657 1055 786 1110 ssobeetor,
799 1053 874 1100 lound
885 1068 911 1100 es
922 1051 1027 1100 follows:
1046 1052 1144 1108 “Quod
1156 1051 1266 1100 douslnm
1277 1051 1400 1100 lleurious
1408 1067 1486 1114 nuper
1498 1053 1548 1100 Rex
1558 1053 1646 1114 Anglie

439 1147 492 1200 post
510 1138 674 1198 conquestum
694 1143 801 1197 quertus,
818 1151 877 1182 evus
896 1135 986 1182 domini
1007 1135 1078 1195 Regis
1096 1148 1170 1190 nuno,
1182 1148 1225 1194 per
1242 1134 1332 1181 litteren
1342 1149 1396 1182 sues
1410 1143 1525 1196 petentes,
1543 1149 1646 1195 querum

437 1303 502 1350 brevi
509 1301 631 1348 nomineto
638 1300 744 1346 menerix
750 1299 780 1345 de
789 1298 949 1358 viynbergb,
959 1296 1067 1354 Ceutele,
1072 1303 1096 1344 et
1105 1297 1301 1358 Strumpesbegb,
1309 1312 1365 1344 oum
1374 1298 1486 1344 omnibus
1496 1297 1645 1358 pertinentiis

439 1384 465 1430 in
477 1381 592 1430 comitutu
603 1383 720 1442 predicto,
733 1395 782 1427 uue
798 1395 853 1428 oum
870 1380 1068 1426 edvooeoionibus
1084 1380 1236 1426 eooleeierurn
1254 1386 1278 1426 et
1294 1379 1369 1426 leodis
1380 1379 1484 1426 militurn
1495 1380 1527 1426 ed
1538 1379 1645 1440 predicte

438 1466 544 1512 menerle
560 1464 743 1526 pertinentibus,
755 1477 802 1524 que
821 1477 864 1524 per
879 1462 1051 1508 lorielseturem
1068 1461 1158 1508 domini
1175 1461 1273 1518 Thome,
1294 1476 1371 1522 nuper
1386 1462 1478 1508 domini
1495 1462 1525 1508 de
1538 1461 1643 1518 Berdoll,

436 1547 468 1592 ed
480 1559 565 1592 munus
576 1546 650 1606 ipsius
662 1559 739 1604 nuper
751 1543 825 1604 Reffl's
836 1544 992 1600 devenerunt,
1003 1543 1114 1589 hebeude
1125 1543 1233 1603 predicto
1242 1543 1364 1590 Willelrno
1376 1558 1420 1604 pro
1430 1545 1533 1590 termino
1544 1545 1591 1592 vite
1601 1558 1644 1590 sue

438 1627 463 1673 iu
483 1625 558 1672 forme
579 1627 606 1672 in
630 1625 719 1671 eisdem
739 1625 823 1671 litteris
840 1629 972 1681 eontentn
993 1638 1042 1684 quo
1063 1629 1174 1683 pretextu
1192 1624 1314 1684 predictus
1332 1622 1469 1670 Willelrnus
1492 1623 1593 1671 Budoll
1613 1625 1643 1671 de

440 1709 553 1756 ueneriis
563 1707 678 1768 prediot'u
694 1721 751 1753 eum
768 1705 919 1766 pertinentiis
935 1705 981 1752 buit
997 1706 1089 1752 eelsitus
1105 1707 1131 1752 in
1148 1707 1268 1754 dominico
1279 1721 1322 1754 suo
1332 1713 1361 1756 ut
1372 1707 1403 1752 de
1413 1707 1488 1752 libero
1498 1713 1643 1755 tenemento.

441 1790 474 1838 Et
485 1791 570 1837 dieunt
581 1790 646 1850 quod
658 1795 739 1850 postet
750 1789 814 1836 idem
825 1802 903 1850 nuper
915 1788 968 1834 Rex
983 1802 1027 1848 per
1043 1787 1132 1834 iissem
1148 1803 1202 1834 sues
1213 1795 1321 1850 petentes
1332 1790 1402 1836 dietis
1409 1790 1556 1850 jnresorlbus
1572 1803 1644 1850 super

438 1873 576 1933 oepoionem
588 1872 660 1932 hujus
671 1871 831 1931 inquisitionis
840 1871 864 1916 iu
876 1870 995 1916 evidentia
1011 1877 1122 1926 notenses,
1136 1885 1238 1930 querum
1255 1871 1338 1917 dutum
1355 1877 1390 1917 est
1406 1871 1470 1932 xpud
1484 1871 1643 1917 Westruonee-

439 1957 526 2003 terium
538 1955 631 2000 decimo
643 1968 706 2000 nono
717 1954 756 1999 die
768 1953 837 1999 Junii
848 1967 912 1999 enno
924 1953 991 2012 regni
1008 1953 1045 1998 sui
1063 1967 1134 2008 nono,
1153 1953 1216 1998 inter
1231 1953 1278 1998 ulie
1297 1953 1418 1999 renitendo
1430 1953 1494 2014 quod
1507 1953 1586 2000 dilecti
1598 1953 1642 2000 eibi

440 2037 576 2082 willelmus
595 2035 694 2081 clifford
715 2035 819 2081 obiveler
836 2041 860 2081 et
879 2035 950 2080 Anne
969 2048 1032 2081 uxor
1050 2035 1102 2095 ejus
1118 2041 1142 2081 et
1162 2033 1296 2081 Willelmus
1317 2035 1425 2096 Phelipp,
1443 2050 1508 2082 nuno
1527 2036 1603 2089 miles,
1620 2043 1644 2082 et

437 2119 551 2164 Jobenne
561 2131 624 2164 uxor
632 2119 692 2178 eius,
704 2117 752 2162 dlie
763 2123 787 2163 et
798 2117 897 2162 beredes
913 2116 1004 2162 'l’bome
1015 2117 1105 2162 domini
1123 2117 1153 2163 de
1171 2115 1272 2166 Burdoll
1289 2118 1406 2174 defuncti,
1417 2118 1462 2164 sibi
1474 2119 1593 2164 dederunt
1605 2119 1641 2164 in-

438 2199 515 2259 selligv·
527 2198 630 2258 queliter
641 2199 705 2244 idem
717 2211 794 2258 nuper
811 2196 865 2244 Rex
877 2197 923 2244 xii⁰
940 2197 979 2243 die
999 2198 1188 2258 lingentium
1207 2200 1274 2260 regni
1292 2201 1329 2246 sui
1348 2207 1424 2254 sexto,
1436 2213 1478 2260 per
1489 2199 1578 2246 litteren
1589 2213 1643 2246 sues

438 2287 544 2341 petemes
564 2279 680 2326 noncessit
698 2279 806 2339 predicto
825 2278 948 2326 Willelmo
968 2279 1074 2338 Berdoll,
1097 2295 1140 2340 per
1162 2295 1249 2327 nomeu
1267 2278 1384 2327 Willolmi
1408 2279 1508 2326 Berdoll
1527 2281 1640 2338 ohivuler,

438 2362 544 2410 muneris
562 2363 670 2422 predicte
689 2375 744 2408 oum
765 2361 914 2422 pertinentiis
931 2377 974 2425 per
992 2362 1089 2408 nornine
1104 2364 1264 2409 maneriorum
1282 2363 1313 2409 de
1323 2362 1483 2424 wanbergh,
1501 2363 1606 2420 Ountele,
1618 2369 1641 2409 et

437 2442 625 2504 Strumpesbegb
642 2457 698 2488 eum
715 2443 826 2488 omnibus
845 2443 994 2502 pertinentiis
1012 2443 1037 2489 in
1056 2445 1170 2490 oomitetu
1191 2443 1318 2497 Norlolnie,
1330 2457 1377 2502 que
1389 2444 1487 2502 quidem
1499 2445 1603 2490 menerie
1615 2445 1640 2490 in

436 2540 521 2571 munus
532 2525 632 2586 predicti
644 2538 721 2584 nuper
732 2524 823 2570 domiui
836 2523 909 2584 Regis
919 2532 1035 2585 tanuum
1052 2525 1170 2572 lorisleote
1181 2527 1303 2572 ooeesione
1322 2525 1458 2572 rebellionis
1469 2539 1512 2586 per
1522 2525 1640 2571 Tbomevn

438 2606 562 2652 dominum
574 2606 604 2651 de
616 2603 718 2652 Burdols
727 2605 788 2651 lxote
799 2605 954 2664 devenerunt,
972 2606 1084 2652 bebeude
1101 2611 1125 2652 et
1141 2607 1245 2653 tenende
1259 2607 1337 2652 eidem
1355 2606 1477 2654 Willelmo
1490 2607 1591 2653 liudolf
1606 2606 1637 2652 ed

437 2688 567 2735 terminum
579 2687 625 2734 vite
636 2701 687 2745 sue,
698 2689 832 2736 reversione
843 2688 900 2734 inde
915 2688 993 2734 eidem
1012 2702 1088 2748 nuper
1107 2688 1166 2748 Regi
1183 2695 1307 2744 reservata,
1324 2689 1354 2734 de
1371 2689 1448 2748 gretie
1457 2703 1500 2736 sue
1510 2689 1605 2750 speoixli
1617 2695 1640 2734 et

437 2771 573 2817 demenso
585 2770 678 2817 consilii
688 2770 725 2816 sul
737 2777 761 2817 et
772 2785 815 2832 per
824 2771 897 2816 finem
908 2772 1068 2818 ducentarum
1080 2785 1213 2817 moturum
1232 2771 1263 2816 ed
1281 2785 1340 2831 opus
1358 2785 1429 2818 suum
1446 2771 1560 2827 solutum,
1578 2771 1641 2817 inter

436 2854 483 2900 ulie
494 2853 561 2900 dedit
572 2859 597 2900 et
612 2853 728 2900 noncessit
744 2853 833 2899 eisdem
851 2851 974 2899 Willelnso
991 2852 1092 2900 Clillord
1110 2859 1134 2899 et
1145 2853 1216 2898 Anne
1228 2853 1297 2898 uxori
1308 2856 1360 2913 ejus
1370 2859 1394 2898 et
1406 2851 1528 2899 Willelrno
1539 2853 1640 2914 Phelipp

435 2945 459 2982 et
470 2935 581 2984 Jobnnne
593 2935 663 2983 uxori
675 2937 727 2996 eius
741 2936 886 2982 reversiones
898 2935 1060 2996 predictorum
1077 2935 1237 2980 maneriorum
1255 2934 1286 2980 de
1305 2935 1463 2994 wanbergb,
1483 2935 1596 2994 Centeley
1615 2941 1639 2981 et

437 3017 625 3079 Sunrmpeebegb
636 3033 693 3064 oum
704 3018 861 3077 pertinentiis,
877 3017 999 3062 bebendee
1015 3024 1039 3063 et
1058 3017 1174 3064 tenendus
1185 3015 1274 3062 eisdem
1287 3015 1409 3062 Willelmo
1424 3015 1521 3062 clifford
1532 3021 1556 3062 et
1567 3015 1640 3063 Anne

435 3100 505 3146 uxori
523 3101 575 3159 ejus
594 3105 618 3145 et
637 3097 758 3144 Willelmo
778 3097 879 3158 Phelipp
900 3107 923 3143 et
934 3098 1046 3143 Johenne
1063 3098 1132 3144 uxori
1150 3100 1201 3158 ejus
1217 3111 1260 3157 pro
1276 3098 1377 3144 termino
1394 3099 1441 3144 vite
1457 3111 1539 3144 eorum
1556 3103 1580 3144 et
1597 3112 1640 3157 pru

435 3180 537 3225 termino
549 3179 596 3224 vite
607 3176 672 3224 illius
683 3191 765 3223 eorum
777 3178 820 3236 qui
830 3177 997 3236 supervixerit,
1014 3183 1038 3223 et
1056 3178 1184 3223 heredibus
1203 3178 1234 3224 de
1245 3179 1384 3238 corporibus
1395 3193 1477 3226 eorum
1488 3181 1639 3236 exeuntibus,

436 3263 460 3304 et
470 3273 514 3318 pro
529 3259 625 3304 delectu
637 3259 715 3304 exitus
726 3259 859 3304 reversione
871 3258 927 3303 inde
938 3259 1030 3318 prelsto
1046 3273 1123 3319 nuper
1140 3258 1201 3320 Regi
1218 3265 1242 3306 et
1259 3261 1387 3308 heredibus
1397 3263 1445 3309 suis
1464 3269 1585 3322 spectante
1596 3263 1638 3308 im-

436 3345 580 3398 perpetuum
591 3350 641 3382 une
658 3351 714 3382 eum
731 3335 806 3382 leodis
821 3337 925 3384 militurn
943 3345 967 3385 et
984 3338 1182 3386 edvooeoionibus
1195 3339 1355 3388 eeclesiarum.
1389 3341 1481 3388 Diount
1491 3342 1563 3388 etiem
1574 3341 1638 3401 quod

436 3419 558 3480 predictus
569 3433 647 3480 nuper
658 3419 710 3466 liex
722 3421 752 3466 de
763 3420 866 3466 uberiori
877 3420 953 3480 gretie
963 3436 1006 3467 sue
1020 3427 1043 3467 et
1060 3422 1091 3467 de
1107 3435 1202 3468 sesensu
1217 3423 1312 3470 ooueilii
1329 3424 1365 3469 sui
1382 3437 1425 3484 per
1439 3425 1533 3471 eudem
1551 3425 1639 3471 litteren

436 3504 544 3560 petentes
563 3499 626 3545 inter
642 3498 689 3545 elin
706 3500 820 3546 oonoeesit
834 3500 931 3561 prelstie
949 3500 1071 3549 Willelmo
1088 3501 1186 3548 Clillord
1204 3507 1228 3548 et
1245 3503 1317 3549 Anne
1333 3504 1403 3549 uxori
1420 3505 1472 3565 ejus
1483 3509 1507 3550 et
1517 3502 1639 3550 Willelmo
1657 3507 1664 3520 '

437 3581 539 3642 Phelipp
551 3589 575 3629 et
585 3581 696 3628 Jobnnne
707 3583 777 3630 uxori
794 3583 845 3642 eJ'us
862 3584 926 3643 quod
943 3585 962 3629 si
979 3584 1024 3645 ipsi
1041 3590 1083 3631 eut
1099 3585 1198 3631 heredes
1214 3585 1251 3630 sui
1268 3586 1298 3631 de
1314 3586 1452 3645 corporibus
1466 3587 1515 3632 suis
1525 3593 1640 3634 exeuntes

435 3661 558 3708 informet-i
570 3661 607 3708 vel
618 3662 754 3721 uliquxliter
765 3663 885 3708 centenari
897 3664 986 3723 possint
1003 3665 1027 3710 in
1045 3665 1162 3722 futurum,
1174 3664 1239 3723 quod
1259 3666 1364 3710 menerin
1375 3666 1484 3725 predicte
1502 3679 1544 3712 seu
1558 3667 1639 3726 ulique

434 3743 537 3804 pucelle
555 3745 694 3791 eorumdem
713 3745 803 3792 tillieto
820 3745 923 3791 existent
942 3745 979 3791 vel
1006 3747 1101 3803 existet,
1115 3748 1179 3793 unde
1196 3747 1302 3807 prediote
1320 3749 1392 3794 Anne
1411 3749 1449 3794 vel
1468 3747 1581 3796 Jobennu
1597 3763 1638 3795 seu

435 3827 534 3874 heredes
544 3827 581 3874 sui
592 3833 648 3873 sunt
659 3827 696 3874 uel
707 3833 806 3888 pereunt
816 3826 952 3885 berediteri,
961 3828 1026 3888 quod
1035 3835 1093 3875 tuno
1102 3843 1198 3889 presens
1208 3831 1327 3877 oonoeseio
1338 3845 1379 3878 seu
1390 3833 1524 3892 eeoepteeio
1531 3833 1639 3892 ejusdem

433 3909 531 3971 proteus
551 3908 673 3956 Willelvno
690 3909 797 3966 clifford,
818 3909 897 3967 Anne,
918 3909 1041 3956 Willelmo
1061 3910 1162 3972 Phelipp
1182 3919 1206 3958 et
1224 3913 1346 3970 Jobenne,
1365 3921 1408 3962 sut
1428 3929 1508 3961 versus
1524 3915 1585 3974 ipsos
1602 3913 1639 3960 vel

432 3989 532 4037 heredes
542 3989 572 4035 de
585 3990 724 4050 eorporibus
734 3989 791 4046 suis,
802 3995 830 4035 ut
845 3989 1000 4049 premittitur,
1017 3997 1132 4037 exeuntes
1149 3993 1304 4052 preJ'udioiule
1322 3993 1358 4040 vel
1376 3994 1482 4040 exclusio
1493 3995 1518 4040 in
1529 3994 1638 4040 futurum

433 4087 481 4118 non
488 4073 582 4129 existet,
592 4071 635 4118 sed
646 4072 711 4132 quod
723 4072 784 4118 bene
794 4071 852 4118 lieet
862 4071 909 4118 sibi
919 4077 943 4118 et
954 4071 1083 4118 heredibus
1090 4073 1218 4132 senonem,
1227 4076 1444 4135 recupereeionem,
1455 4081 1479 4122 et
1485 4075 1638 4135 eventegn'um

431 4167 482 4212 sus,
493 4159 563 4214 prout
574 4167 617 4215 pro
628 4154 734 4215 profleuo
744 4167 788 4200 suo
799 4159 823 4200 et
839 4153 965 4216 sventegio
981 4168 1024 4200 suo
1041 4153 1127 4200 vnelius
1138 4155 1265 4215 videbitur,
1276 4171 1368 4218 espere,
1380 4159 1424 4205 beo
1436 4159 1587 4206 eoncessione
1596 4171 1639 4219 per
