3930 5088
561 519 601 616 at
918 537 1080 608 cnosroa
1104 546 1281 591 neronum
1306 547 1351 590 ar

561 701 595 762 et
609 697 725 760 affatur
738 697 823 775 illos,
837 695 959 762 iocans
983 696 1056 761 illos
1080 695 1318 778 inobedientes.¹
1372 696 1470 761 Unde
1484 696 1596 761 multis
1610 697 1706 764 alter·

562 799 743 864 cationibus
764 800 849 864 inter
869 800 960 884 ipsos
981 799 1074 864 factis
1090 799 1132 864 ob
1147 798 1324 884 predictam
1346 820 1487 878 causam,
1501 810 1536 864 et
1550 801 1625 884 quia
1638 809 1707 863 tam

563 902 672 988 tepide
710 925 745 966 se
780 899 936 986 gerebant
970 900 1005 964 in
1042 900 1128 964 dicta
1157 898 1342 964 turbatione
1371 901 1473 984 regni,
1502 922 1569 965 non
1598 921 1708 986 repre·

563 1005 744 1092 hendentes
770 1025 876 1090 neque
901 1001 1111 1087 corripientes
1143 1001 1217 1066 illos
1246 1000 1414 1079 malificos,
1444 1003 1499 1086 qni
1525 1002 1707 1068 Dominum

565 1091 688 1192 Regem
702 1105 942 1192 expugnabant,
963 1105 999 1169 in
1022 1105 1203 1191 septimana
1217 1113 1292 1184 ante
1308 1103 1431 1168 Ramos
1445 1105 1629 1168 Palmamm
1645 1106 1708 1170 hoc

564 1230 651 1274 anno
687 1209 881 1293 Episcopos,
913 1206 1157 1289 Londoniarum
1204 1206 1396 1284 Henricum,
1432 1216 1467 1271 et
1488 1207 1707 1291 Stephanum

567 1311 732 1390 Cicestrie,
741 1310 782 1375 ab
797 1310 904 1375 officio
918 1297 953 1374 et
966 1308 1124 1374 beneficio
1135 1310 1318 1394 suspendit,
1333 1308 1465 1372 mittens
1479 1307 1552 1373 illos
1567 1309 1707 1372 Romam

564 1417 603 1478 ut
617 1437 636 1478 a
651 1414 796 1478 Domino
813 1414 902 1498 Papa
916 1412 1110 1497 punirentur
1125 1412 1305 1476 secundum
1320 1411 1436 1476 merita
1450 1431 1574 1475 eorum.

608 1517 736 1595 Postea,
747 1515 800 1579 die
815 1515 909 1578 Lune
917 1512 1065 1600 proximo
1076 1521 1154 1596 post
1163 1513 1359 1598 quindenam
1375 1513 1508 1592 Pascha,
1520 1513 1563 1578 ob
1572 1513 1709 1582 eandem¹

565 1619 694 1684 causam
723 1615 811 1682 idem
835 1617 977 1706 Legatos
1005 1615 1192 1701 Jolrannem
1229 1616 1431 1701 Episcopum
1459 1616 1639 1701 Wyntonie
1667 1615 1708 1680 ab

566 1721 672 1786 officio
687 1730 721 1785 et
734 1718 892 1785 beneficio
908 1717 1090 1803 suspendit,
1104 1717 1264 1804 prefigens
1288 1719 1320 1798 ei
1334 1718 1509 1782 terminum
1524 1728 1708 1803 perempto·

565 1816 650 1882 rium
678 1815 713 1878 in
737 1813 901 1901 presentia
924 1811 1061 1878 Domini
1087 1813 1186 1898 Pape,
1213 1815 1426 1898 penitentiam
1455 1830 1627 1904 recepturo
1648 1841 1708 1904 pro

565 1917 700 1982 meritis.

609 2021 703 2086 Circa
717 2022 802 2085 idern
818 2029 947 2104 tempus
968 2019 1169 2084 Scaccarium
1185 2019 1319 2086 Domini
1335 2022 1432 2108 Regis
1454 2025 1644 2087 translatum
1660 2032 1711 2087 est

564 2147 583 2188 a
597 2121 889 2188 Westmonasterio
904 2121 1063 2206 usquead
1079 2121 1234 2185 Sanctum
1251 2122 1399 2204 Paulum,
1421 2125 1467 2188 ita
1481 2126 1569 2209 quod
1592 2125 1711 2210 placita

565 2227 606 2290 de
620 2226 743 2304 Danao,
758 2246 820 2311 que
836 2224 984 2289 solebant
998 2223 1114 2288 deduci
1125 2224 1212 2308 apud
1222 2224 1563 2304 westmonasterium,
1572 2225 1711 2290 deducta

564 2329 697 2392 fuerunt
721 2328 753 2390 in
779 2327 852 2390 aula
871 2326 1028 2410 Episcopi
1047 2325 1309 2404 Londoniarum3
1341 2326 1543 2391 scaccarium
1557 2347 1634 2389 vero
1649 2327 1710 2390 im-

564 2431 708 2520 positum
724 2429 758 2492 in
774 2449 900 2493 camera
914 2427 993 2492 dicti
1002 2425 1169 2512 Episcopi.
1211 2427 1353 2512 Legatos
1368 2448 1445 2491 vero
1459 2426 1645 2511 hospitatus
1660 2436 1712 2492 est

563 2533 599 2595 in
613 2521 708 2594 Turri
721 2529 974 2595 Londoniarum.

595 2633 736 2723 'Eodem
759 2643 906 2718 tempore
920 2640 954 2695 et
978 2651 1076 2709 anno,
1090 2629 1137 2694 illi
1152 2628 1208 2714 qui
1223 2629 1407 2695 exheredati
1429 2631 1573 2710 fuerunt,
1586 2640 1625 2695 ut
1640 2651 1713 2715 pre-

567 2735 689 2800 dictum
712 2744 774 2812 est,
789 2743 1013 2798 convenerunt
1026 2754 1085 2818 per
1108 2741 1245 2810 turmas,
1259 2742 1293 2796 et
1315 2732 1538 2796 militaverunt
1562 2730 1597 2794 in
1613 2753 1712 2795 manu

566 2847 694 2924 armata*
703 2837 738 2900 in
753 2835 922 2910 Norfolch‚
943 2834 1126 2913 suthfolca
1145 2844 1180 2899 et
1194 2832 1367 2912 Holandia,
1383 2842 1417 2898 et
1430 2855 1488 2920 per
1503 2832 1630 2897 diversa
1643 2831 1714 2896 loca

568 2939 697 3030 singlis,
721 2937 927 3023 quamplures
950 2937 1101 3002 homines
1130 2936 1364 3020 depredantes3
1398 2936 1485 2999 unde
1514 2934 1644 3020 quidam
1672 2934 1712 2997 de

569 3040 633 3104 illis
662 3041 866 3104 intraverunt
899 3039 1115 3116 Lincolniam‚
1141 3037 1422 3103 consentientibus
1448 3037 1642 3122 quibusdam
1673 3036 1713 3101 de

571 3141 723 3224 Ciuitate,
747 3150 782 3204 et
809 3139 918 3223 plures
947 3140 988 3203 de
1015 3138 1155 3204 Civitate
1185 3139 1451 3224 depredaverunt.
1497 3139 1542 3204 Et
1565 3140 1667 3225 Burgi
1681 3150 1715 3204 et

569 3243 665 3320 Ville,
679 3262 737 3325 per
752 3262 831 3326 quas
847 3239 978 3323 quidam
1003 3237 1132 3324 illorum
1147 3241 1355 3320 transierunt,
1369 3242 1516 3336 lecerupt
1529 3241 1629 3306 finem
1644 3264 1714 3306 ver·

570 3366 625 3407 sus
641 3365 707 3420 eos,
724 3363 765 3406 ne
785 3349 1071 3430 expungnarentur
1095 3340 1136 3405 ab
1156 3340 1214 3408 eis.
1260 3344 1323 3423 Illi,
1337 3365 1426 3422 vero,
1442 3344 1497 3428 qui
1511 3344 1715 3430 intraverunt

569 3446 783 3525 Lincolniam,
805 3445 924 3508 auditis
946 3444 1131 3510 rumoribus
1153 3446 1193 3511 de
1222 3446 1365 3512 adventu
1388 3446 1522 3510 Domini
1552 3446 1714 3524 Edwardi,

567 3557 779 3614 recesserunt.
1003 3630 1007 3638 .
1270 3629 1273 3636 Ι
1316 3631 1317 3636 ¹
1480 3625 1483 3630 Ι

576 3731 580 3736 .
612 3650 705 3713 Tunc
730 3649 813 3736 circa
841 3649 962 3713 festum
987 3649 1219 3733 Apostolorum
1246 3647 1388 3733 Philippi
1413 3654 1447 3709 et
1468 3645 1584 3734 Jacobi
1609 3647 1715 3711 tenuit

569 3751 732 3816 Dominus
748 3751 818 3815 Rex
845 3749 1081 3838 parlamentum
1105 3749 1507 3835 apudNorhamptonam.
1558 3747 1611 3810 Ad
1634 3746 1715 3813 illud

569 3853 806 3936 parlamentum
827 3849 919 3914 missi
955 3851 1087 3914 fuerunt
1111 3873 1132 3914 a·
1166 3848 1307 3912 civitate
1330 3846 1576 3936 Londoniarum
1604 3850 1716 3914 nuncii

570 3954 765 4038 solempnes,
794 3959 943 4038 petentes
958 3949 1138 4014 Dominum
1155 3952 1288 4034 Regem,
1308 3960 1347 4014 ut
1371 3949 1441 4035 ipse
1456 3949 1567 4030 lvellet
1595 3973 1651 4016 eos
1680 3953 1715 4016 in

568 4057 741 4142 pristinum
758 4063 878 4118 statum
888 4075 999 4118 eorum
1011 4073 1171 4132 revocare,
1182 4061 1405 4142 etutpossent
1420 4052 1460 4118 de
1476 4073 1510 4116 se
1525 4051 1605 4138 ipsis
1620 4053 1716 4118 Vice-

569 4159 703 4250 comites
719 4157 845 4244 eligere,
860 4155 916 4241 qui
931 4155 1163 4250 responderent
1189 4156 1229 4219 ad
1257 4155 1457 4220 Scacearium
1481 4155 1579 4239 Regis
1603 4156 1643 4220 de
1658 4179 1714 4220 an-
