3930 5088
575 622 616 679 92
934 627 1094 674 caonrcn
1120 625 1295 672 unionum
1322 625 1366 668 ss

576 784 833 870 depredaverunt
860 793 895 848 et
923 781 1024 846 multa
1047 777 1299 844 malefecerunt
1322 775 1357 840 in
1383 775 1517 860 Sureya,
1542 773 1663 839 Cancia
1689 787 1728 840 et

575 886 662 954 alibi.
694 885 760 952 Qui
782 895 826 965 et,
850 906 909 970 pro
928 885 1033 963 dolor!
1052 891 1086 947 et
1107 881 1218 946 nefas!
1252 879 1285 944 in
1308 877 1435 942 batellis
1456 889 1661 942 accesserunt
1679 879 1727 941 ad

575 987 904 1054 westmonasterium
919 994 952 1049 et
966 985 1012 1050 ihi
1026 983 1258 1050 mutilaverunt
1270 979 1426 1064 palatium
1451 979 1586 1043 Domini
1611 981 1724 1064 Regis,

575 1089 759 1172 frangentes
774 1084 952 1163 cathedras,
967 1085 1136 1164 fenestras,
1150 1094 1186 1149 et
1199 1083 1316 1162 hostia,
1328 1091 1361 1146 et
1375 1081 1527 1168 quicquid
1542 1093 1724 1172 potuerunt

576 1197 791 1274 asportantes.
836 1187 882 1250 Et
909 1186 985 1251 licet
1008 1186 1128 1252 Comes
1153 1186 1282 1252 fecisset
1304 1185 1423 1250 cotidie
1448 1185 1654 1269 proclamare,
1678 1205 1723 1249 ne

576 1292 649 1377 quis
675 1290 796 1375 aliquid
822 1289 1041 1375 depredasset,
1073 1298 1182 1354 tamen
1208 1287 1316 1372 plures
1350 1287 1390 1350 de
1418 1285 1559 1350 Ciuitate
1588 1287 1723 1350 ruerunt

576 1392 754 1478 depredati,
793 1392 879 1457 unde
910 1390 1031 1457 Comes
1056 1391 1096 1456 de
1120 1388 1314 1476 quibusdam
1340 1389 1416 1453 lecit
1438 1387 1508 1452 ficri
1538 1387 1696 1472 judicium
1707 1411 1719 1466 ς

577 1495 708 1572 scilicet,
723 1515 788 1557 una
802 1494 872 1558 vice
893 1503 1032 1578 quatuor
1054 1493 1230 1557 servientes
1251 1491 1374 1556 domini
1387 1491 1555 1555 Willielmi
1577 1491 1618 1554 de
1644 1491 1722 1553 Fer-

577 1598 679 1677 rariis,
694 1597 749 1682 qui
764 1598 895 1661 fuerunt
909 1597 943 1660 in
955 1617 1020 1658 una
1031 1594 1271 1680 depredatione,
1282 1593 1338 1658 uhi
1353 1612 1438 1656 unus
1454 1592 1493 1656 de
1506 1591 1646 1656 Ciuitate
1660 1592 1724 1655 luit

576 1701 713 1780 occisus,
728 1699 804 1763 fecit
818 1700 900 1783 ipse,
914 1697 1020 1782 ligatis
1035 1694 1185 1759 matribus
1200 1707 1234 1760 et
1248 1695 1395 1781 pedihus,
1409 1693 1566 1779 projicere
1585 1693 1619 1756 in
1634 1693 1720 1755 Tha·

575 1802 714 1881 misiam,
733 1811 767 1866 et
788 1800 833 1865 ibi
858 1799 1003 1884 dimergi.
1047 1799 1093 1862 Et
1107 1797 1171 1862 tale
1185 1799 1247 1861 fuit
1257 1797 1416 1883 judicium
1431 1816 1489 1881 per
1510 1805 1618 1860 totum
1640 1792 1719 1857 illud

575 1913 706 1988 tempus
720 1903 761 1967 de
775 1901 969 1988 dampnatis.

356 2024 515 2085 Demostr-
619 2008 748 2086 Postea,
763 2006 796 2069 in
812 2005 992 2089 septimana
1007 2014 1084 2090 post
1097 2005 1216 2068 festum
1233 2002 1351 2067 Sancte
1372 2002 1551 2079 Trinitatis,
1572 2021 1637 2086 pax
1658 1999 1720 2063 fuit

353 2087 553 2215 mma-gg·
576 2110 714 2174 formata
727 2107 812 2171 inter
832 2105 1012 2169 Dominum
1036 2107 1158 2190 Regem
1181 2117 1215 2171 et
1239 2105 1402 2172 Comitem
1425 2125 1483 2190 per
1502 2107 1625 2189 Regem
1645 2104 1721 2168 Ale·

576 2211 706 2276 mannis
731 2218 765 2273 et
790 2208 970 2273 Dominum
996 2207 1186 2290 Henricum,
1211 2209 1314 2275 filium
1341 2231 1448 2289 suum,
1474 2219 1509 2275 et
1534 2209 1721 2294 Philippum

577 2314 705 2391 Basset,
720 2311 775 2397 qui
790 2309 982 2375 multotiens
998 2331 1032 2374 se
1048 2311 1302 2392 intromiserunt,
1317 2322 1351 2377 et
1364 2334 1423 2398 per
1445 2313 1542 2392 alios3
1566 2313 1612 2376 ita
1634 2311 1721 2397 quod

577 2427 656 2480 tunc
683 2414 803 2478 Comes
831 2411 967 2475 recessit
995 2433 1067 2476 cum
1094 2415 1161 2478 suis
1190 2435 1210 2477 a
1239 2412 1381 2480 Civitate
1404 2424 1438 2479 et
1461 2415 1645 2500 hospitatus
1670 2425 1721 2480 est

578 2517 612 2580 in
636 2514 780 2580 Suwerk.
821 2513 868 2576 Et
893 2511 1056 2576 Dominus
1087 2515 1168 2594 Rex,
1209 2516 1260 2581 die
1287 2516 1420 2581 Sabbati
1457 2518 1606 2601 proximo
1645 2525 1721 2581 ante

580 2621 702 2683 festum
717 2614 907 2682 Natiuitatis
929 2612 1040 2677 Sancti
1059 2614 1220 2681 Johannis
1245 2618 1403 2702 Bcptiste,
1426 2618 1516 2683 venit
1541 2619 1721 2684 Londoniis

579 2743 654 2786 cum
669 2729 740 2784 toto
755 2718 899 2783 exercitu
914 2736 984 2793 suo,
1008 2724 1041 2780 et
1064 2717 1248 2803 hospitatus
1273 2731 1324 2785 est
1345 2719 1401 2784 ihi.
1446 2721 1492 2786 Et
1515 2722 1625 2785 statim
1648 2721 1724 2785 fecit

578 2822 775 2908 proclamare
790 2843 903 2906 pacem
918 2841 1021 2898 suam,
1037 2829 1070 2884 et
1084 2823 1244 2886 concessit
1258 2822 1459 2888 exheredatis
1481 2833 1608 2908 treugas
1631 2846 1649 2887 a
1671 2825 1721 2887 die

578 2924 681 2990 illain
696 2924 728 3010 xj
752 2923 821 2988 dies
846 2923 887 2987 ad
910 2923 1126 3001 tractandum,
1148 2923 1288 3000 interim,
1313 2925 1352 2988 de
1375 2947 1474 3011 pace3
1496 2935 1531 2990 et
1552 2937 1641 3004 tunc,
1667 2947 1724 3010 per

578 3037 767 3112 preceptum
783 3026 918 3090 Domini
928 3027 1036 3108 Regis,
1050 3025 1073 3089 J
1075 3025 1218 3090 ohanne
1229 3025 1372 3090 Addrien
1384 3037 1418 3091 et
1429 3028 1535 3092 Lucas
1550 3027 1590 3092 de
1604 3027 1722 3092 Baten-

579 3139 651 3196 curt
665 3127 764 3211 positi
780 3135 857 3189 sunt
871 3127 905 3188 in
920 3125 1037 3190 ballius
1052 3147 1122 3206 sua,
1137 3147 1314 3213 omnesque
1325 3128 1535 3194 Aldermanni
1546 3131 1580 3195 in
1591 3131 1721 3195 Wardis

579 3234 657 3309 suis,
672 3231 706 3293 in
722 3227 840 3313 quibus
857 3227 979 3290 Comes
995 3238 1089 3291 antea
1104 3240 1256 3312 posuerat
1270 3252 1372 3295 novos
1388 3233 1550 3297 custodes.

622 3330 685 3394 Die
696 3350 772 3393 vero
783 3329 878 3394 Lune
890 3330 1037 3414 proximo
1050 3330 1191 3416 Legatos
1202 3333 1314 3415 posuit
1322 3333 1531 3399 interdictum
1542 3335 1722 3421 generalem

577 3433 612 3496 in
629 3431 771 3496 civitate
796 3431 879 3496 circa
902 3432 1014 3496 horam
1041 3442 1187 3511 sextam3
1210 3434 1311 3518 lquod
1335 3435 1464 3519 quidem
1488 3439 1522 3502 in
1548 3441 1724 3504 crastinum

578 3534 661 3598 circa
685 3533 800 3598 horam
820 3534 947 3598 tertiam
977 3535 1155 3601 relaxatum
1183 3547 1245 3617 est,
1267 3539 1369 3624 captis
1394 3543 1600 3605 sacramentis
1616 3564 1723 3607 coram

580 3633 819 3698 Commissariis
835 3635 971 3699 Domini
992 3637 1106 3723 Legati
1130 3640 1216 3724 apud
1237 3640 1394 3706 Sanctum
1425 3643 1561 3707 Paulum
1584 3645 1724 3710 duorum

579 3734 759 3812 hominum,
775 3734 830 3818 qui
849 3737 1040 3819 juraverunt
1064 3740 1098 3802 in
1122 3741 1245 3806 animas
1269 3744 1370 3808 totius
1398 3745 1591 3826 Commune,
1616 3748 1724 3813 standi

580 3833 833 3901 consideracioni
854 3835 971 3900 Sancte
995 3839 1139 3906 ecclesie.
1182 3845 1228 3908 Et
1247 3856 1326 3911 tunc
1347 3857 1416 3912 tota
1431 3848 1602 3930 claustura,
1628 3873 1724 3936 quam

581 3937 702 4001 Comes
723 3937 843 4001 fecerat
856 3937 941 4002 inter
953 3938 1126 4004 Civitatem
1142 3954 1175 4010 et
1188 3946 1328 4028 Turrim,
1344 3950 1474 4034 penitus
1490 3962 1650 4034 prostrata
1665 3961 1726 4034 est,

580 4057 615 4116 et
630 4048 819 4115 meremium
836 4061 1046 4136 asportatum.
1092 4053 1136 4118 Et
1152 4057 1241 4128 tunc,
1256 4050 1290 4114 in
1307 4051 1415 4137 vigilia
1439 4053 1549 4117 Sancti
1564 4053 1725 4118 Johannis
