3930 5088
563 615 623 673 ln
917 627 1351 676 mmmmmwm

559 778 687 844 liberari
715 777 768 844 oui
792 779 918 846 Comes
941 778 1082 848 voluerit
1100 778 1172 846 sine
1193 779 1370 861 dilutione3
1400 779 1458 846 sed
1480 781 1602 849 Comes
1628 793 1708 849 tuno

558 882 710 947 restituet
730 881 812 969 Regi
826 893 967 964 costum,
981 883 1069 969 quod
1083 883 1154 968 ipss
1173 883 1320 969 posuerit
1333 883 1368 949 in
1383 885 1530 950 custodis
1545 887 1706 953 dictorum

560 985 760 1066 Castrorum,
775 986 855 1051 dum
868 985 990 1052 fuerint
1011 985 1046 1051 in
1061 1007 1177 1052 monus
1192 1007 1289 1068 suss3
1312 987 1400 1073 quod
1414 1009 1483 1053 non
1498 990 1600 1054 stetit.

603 1085 797 1152 cumidem
811 1095 953 1172 tempus,
969 1085 1093 1152 soilioet
1107 1086 1334 1166 Pentecosten,
1356 1087 1398 1152 sd
1422 1088 1611 1154 instantiam
1637 1091 1708 1154 Do·

337 1175 546 1288 wama·
559 1187 639 1253 mini
653 1187 806 1254 Edwurdi
820 1187 981 1254 consessit
994 1187 1159 1254 Dominus
1174 1189 1246 1255 Rex
1260 1188 1386 1255 oiribus
1400 1190 1443 1254 sd
1456 1189 1643 1256 hsbendunr
1665 1192 1707 1256 de

338 1305 398 1352 tosa
408 1305 529 1354 mons-
559 1289 688 1375 seipsis
704 1290 864 1356 Maiorem
889 1289 923 1354 in
946 1289 1051 1354 forms
1072 1311 1136 1376 qus
1157 1291 1249 1357 illum
1272 1291 1390 1358 lubere
1416 1291 1575 1358 solebant.
1619 1291 1707 1358 Con·

338 1383 417 1419 assa.
558 1395 658 1460 oessit
669 1394 768 1459 etism
782 1393 829 1460 eis
842 1394 885 1458 sd
897 1393 1084 1458 nubendum
1099 1392 1140 1458 de
1161 1415 1197 1459 se
1218 1393 1298 1479 ipsis
1313 1394 1397 1460 duos
1410 1394 1636 1475 vicecomites,
1651 1393 1707 1478 qui

557 1505 707 1563 tenerent
718 1495 985 1562 Vioeoomitstem
994 1493 1144 1560 Civitatis
1158 1504 1193 1562 et
1207 1496 1400 1564 Midelsexie
1414 1496 1456 1561 sd
1469 1495 1607 1576 firmem,
1622 1496 1707 1561 sieut

557 1609 633 1665 ante
648 1598 796 1665 solebant
807 1622 815 1663 ι
839 1597 903 1677 Its,
914 1606 1034 1676 temen,
1045 1597 1119 1662 oium
1134 1598 1335 1682 temporibus
1345 1597 1518 1664 mnssotis
1532 1597 1707 1663 solvissent

555 1701 633 1765 inde
657 1700 884 1766 tantummodo
909 1719 967 1785 per
992 1721 1115 1764 srrnum
1141 1717 1219 1765 000.
1243 1699 1341 1765 librss
1365 1701 1591 1787 sterlingorum
1613 1700 1706 1766 blun-

554 1825 679 1883 corum,
691 1803 780 1889 quod
793 1803 835 1868 de
850 1811 958 1868 cetero
983 1799 1112 1868 solvent
1125 1800 1295 1868 mmostim
1310 1821 1411 1870 0000.
1424 1803 1522 1868 librss
1537 1803 1709 1888 sterlingo·

552 1927 626 1970 rum
648 1914 920 1992 eomputstorum.
965 1902 1006 1967 In
1032 1903 1088 1968 ills
1117 1925 1195 1970 vero
1221 1905 1401 1991 septimana
1428 1906 1524 1971 Cives
1548 1905 1707 1991 eligemnt

551 2009 739 2074 Johsnnem
762 2006 977 2086 Addrisnum,
992 2005 1199 2091 Drspsrium‚
1213 2014 1252 2069 ut
1266 2015 1353 2072 esset
1368 2006 1528 2072 Maiorem
1543 2006 1707 2086 Civitatis,

553 2109 742 2197 Philippum
755 2129 834 2175 vero
845 2109 1011 2174 Oissorem
1026 2117 1060 2174 ot
1074 2106 1256 2172 walterum
1266 2107 1297 2172 le
1313 2109 1422 2188 Poter,
1433 2118 1472 2172 ut
1490 2118 1601 2174 essent
1610 2109 1705 2174 Vme-

552 2213 687 2278 oomites
712 2211 873 2278 Ciritetis.
925 2211 972 2276 Et
995 2211 1071 2296 quis
1093 2209 1257 2275 Dominus
1289 2211 1468 2277 Edwardus
1499 2220 1615 2296 postes
1636 2233 1703 2276 non

551 2315 614 2380 fuit
627 2315 662 2380 in
675 2314 822 2400 portibus
837 2314 1092 2394 londoniarum,
1106 2313 1171 2398 ipsi
1184 2335 1252 2378 non
1265 2313 1398 2379 inerunt
1408 2314 1621 2380 incontinenti
1631 2336 1705 2400 pre-

552 2417 670 2482 sentati
679 2416 824 2482 Domino
839 2415 1033 2501 Regiusque
1048 2414 1089 2478 sd
1103 2415 1279 2479 adventum
1295 2437 1402 2495 suum,
1413 2424 1448 2480 et
1460 2424 1550 2496 tune,
1559 2416 1704 2482 Domino

553 2520 675 2605 Hugon
692 2518 759 2584 lilio
779 2517 914 2584 Ottonis
936 2537 1003 2581 non
1028 2516 1167 2602 amplius
1186 2516 1346 2582 existente
1373 2517 1518 2583 Custode
1543 2518 1705 2600 Civitatis,

551 2631 756 2707 presentatus
775 2629 827 2686 est
844 2618 1009 2704 prodictus
1030 2617 1201 2684 Johsnnes
1221 2619 1365 2684 Domino
1377 2619 1468 2704 Regi,
1477 2629 1512 2685 et
1521 2620 1705 2702 admissum

552 2723 684 2803 scilieet,
698 2723 753 2788 xvi
769 2722 820 2788 dis
834 2720 858 2787 J
859 2721 916 2786 ulii
930 2721 1080 2806 proximo
1095 2721 1271 2807 sequentis,
1286 2731 1366 2787 tune
1376 2723 1531 2807 temporis
1546 2723 1598 2788 dio
1613 2725 1704 2790 Mer·

551 2827 640 2894 curii.
685 2827 726 2892 ln
751 2826 804 2892 die
826 2834 934 2891 sutem
949 2822 1087 2889 Veneris
1112 2824 1271 2910 sequenti,
1296 2824 1359 2888 luit
1380 2824 1434 2889 hic
1452 2825 1580 2910 juratus
1594 2847 1702 2892 eorsm

552 2930 651 3016 Rege,
661 2939 695 2996 et
709 2929 823 2995 eodem
840 2927 893 2996 eie
906 2926 1045 3013 predicti
1060 2925 1231 3011 Philippus
1246 2934 1281 2990 et
1304 2925 1470 2992 Wslterus
1484 2928 1616 2992 fuerunt
1629 2951 1704 3014 pre-

552 3033 670 3099 assuti
683 3031 899 3099 Vioeoomites
914 3029 956 3094 sd
980 3027 1164 3094 Sososrism
1178 3037 1212 3092 et
1235 3027 1380 3098 admissi.
1424 3029 1471 3094 Et
1492 3038 1572 3095 tuno
1586 3031 1703 3097 trsdite

551 3144 630 3203 sunt
644 3133 781 3204 Civibus
802 3152 917 3198 omnes
942 3129 1074 3215 antique
1097 3138 1185 3194 curte
1206 3151 1319 3194 eorum
1341 3130 1383 3197 de
1404 3131 1608 3198 libertatibus
1634 3136 1703 3200 suis

551 3259 614 3323 que
628 3237 761 3300 fuerunt
784 3234 820 3298 in
835 3253 952 3298 munus
966 3230 1103 3298 Domini
1118 3231 1227 3316 Regis,
1251 3241 1287 3298 et
1300 3254 1492 3299 concessum
1516 3236 1629 3301 osteis
1643 3259 1703 3323 per

551 3337 733 3405 Dominum
749 3337 872 3423 Regem
887 3343 920 3400 et
934 3353 993 3420 per
1017 3333 1197 3400 Dominum
1223 3335 1432 3418 Edwardum,
1447 3347 1485 3402 ut
1499 3337 1546 3404 eis
1560 3339 1702 3424 plenarie

554 3449 697 3520 utentur,
712 3447 848 3525 exeepto
863 3436 951 3524 quod
970 3457 1030 3520 pro
1045 3435 1137 3501 lirms
1152 3435 1302 3502 Civitatis
1316 3447 1351 3502 st
1364 3438 1549 3506 Comitatus
1575 3441 1703 3508 solvent

555 3564 614 3629 per
628 3564 749 3607 annum
765 3561 865 3614 0000,
878 3539 988 3619 libros,
1002 3538 1087 3606 siout
1099 3538 1314 3624 prescriptum
1329 3548 1391 3604 est

329 3667 369 3727 so.
381 3665 428 3716 120
439 3676 471 3718 so.
598 3645 692 3716 'tusc
706 3641 862 3731 temporis
873 3641 1033 3713 dederunt
1047 3639 1145 3706 Cives
1160 3641 1304 3708 Domino
1324 3640 1406 3726 Regi
1419 3646 1565 3721 loentum
1579 3665 1704 3710 msross

560 3747 799 3833 sterlingorum,
814 3743 901 3809 unde
913 3751 1061 3836 emptum
1075 3742 1138 3808 luit
1151 3765 1266 3808 surum
1276 3742 1318 3811 sd
1332 3742 1495 3808 basilicum
1511 3744 1621 3810 Ssnoti
1635 3747 1704 3811 Ed-

554 3851 653 3917 wsrdi
683 3847 905 3936 reparandum„
959 3844 1134 3910 Dederunt
1168 3844 1265 3910 etism
1299 3844 1445 3912 Domino
1468 3845 1629 3912 Edwsrdo
1654 3861 1704 3930 vt,

554 3975 677 4019 meroes
691 3953 733 4018 sd
747 3971 905 4037 expensas
921 3969 996 4016 suos
1011 3947 1046 4012 in
1060 3945 1175 4013 itinere
1189 3969 1302 4014 uersus
1316 3948 1448 4020 Terram
1464 3948 1627 4016 Ssnctsm.

599 4056 672 4121 Hoc
693 4076 780 4120 enno
794 4053 878 4119 circs
901 4051 1022 4115 festum
1048 4048 1167 4116 Sancto
1193 4049 1377 4134 Margarete
1391 4049 1474 4115 obiit
1496 4050 1703 4136 Bonefssius,

555 4157 784 4231 Cantusrensis
799 4151 1085 4238 Arobiepisoopur,
1097 4153 1131 4218 in
1146 4153 1249 4246 petris
1265 4152 1440 4219 nativitatis
1455 4153 1515 4218 sui.
