3930 5088
565 587 825 634 vrcscomrcrr
850 589 1137 635 uosuomnnuu.
1369 581 1429 638 139

283 761 356 804 mus
372 740 460 826 quod
473 762 532 826 per
545 749 647 806 totam
662 739 813 806 ballivum
828 751 969 807 vestram
984 742 1176 827 proclamari
1190 741 1326 823 facistis,
1342 747 1430 830 quod

281 865 395 909 omnes
410 853 444 909 et
454 844 571 930 singuli
586 843 812 925 Flandrenses,
820 855 854 910 et
867 846 1094 925 Hanonenses,
1108 855 1143 912 et
1153 845 1206 910 alii
1218 847 1258 911 de
1267 857 1429 934 potestate

281 945 367 1011 dicta
397 946 583 1028 comitisse,
609 947 752 1033 exceptis
778 947 932 1032 predictis
956 947 1110 1033 operariis
1134 957 1168 1016 et
1192 948 1263 1014 eliis
1283 952 1428 1016 uxoratis

279 1048 384 1112 autin
399 1071 498 1135 regno
509 1060 622 1115 nostro
636 1050 857 1130 manentibus,
867 1058 906 1114 ut
920 1049 1103 1135 predictum
1118 1057 1179 1129 est,
1206 1050 1267 1114 sub
1282 1051 1427 1136 periculo

279 1149 346 1215 vite
360 1161 394 1216 et
419 1154 650 1234 membrorum,
665 1153 745 1219 citra
760 1152 933 1218 terminum
949 1152 1131 1237 predictum
1152 1163 1269 1218 exeant
1291 1175 1428 1239 regnum

278 1261 438 1335 nostrum,
467 1255 577 1320 vacuis
607 1253 768 1334 manibus,
798 1253 895 1319 salvis
921 1252 984 1318 sibi
1008 1255 1197 1319 necessariis
1217 1256 1369 1341 expensis
1385 1256 1427 1320 ad

277 1358 561 1422 transfretandum.
606 1356 652 1422 Et
676 1357 785 1422 nullus
810 1357 901 1443 ipsos
923 1357 977 1422 vel
1001 1357 1143 1442 aliquem
1167 1356 1315 1442 ipsorum
1341 1360 1426 1423 ultra

277 1461 400 1525 dictum
434 1460 609 1525 terminum
635 1458 697 1524 sub
733 1459 830 1524 simili
868 1481 953 1546 pena
975 1460 1160 1544 hospitetur
1191 1459 1244 1525 vel
1269 1471 1423 1547 receptet.

276 1563 323 1627 Et
346 1564 375 1626 si
398 1585 480 1648 quos
495 1563 536 1628 de
558 1562 712 1648 predictis
736 1562 989 1628 Flandreusibus
1013 1562 1096 1627 inira
1117 1563 1269 1628 ballivum
1283 1575 1425 1630 vestram

276 1674 352 1750 post
374 1665 550 1729 terminum
575 1665 756 1749 predictum
782 1665 982 1746 inveneritis,
1004 1665 1106 1750 ipsos,
1122 1665 1282 1752 simulque
1307 1689 1425 1733 eorun-

275 1769 349 1833 dem
365 1778 557 1853 receptores,
572 1767 706 1852 capiatis
720 1777 755 1832 et
779 1768 814 1832 in
828 1768 960 1852 prisona
979 1777 1091 1833 nostra
1117 1769 1206 1833 salvo
1221 1770 1423 1850 custodiatis,

274 1873 378 1937 donec
403 1871 490 1935 eliud
515 1870 591 1936 inde
617 1870 887 1936 mandaverimus.
936 1870 1133 1936 Proclamari
1160 1871 1259 1936 etiam
1287 1873 1423 1952 faciatis,

273 1975 360 2061 quod
375 1997 489 2040 omnes
504 1983 538 2039 et
552 1973 671 2060 singuli
685 1984 879 2040 mercatores
894 1975 984 2060 regni
1008 1975 1121 2051 nostri,
1145 1996 1283 2061 quorum
1309 1978 1424 2042 merci·

273 2079 382 2144 monia
407 2087 441 2142 et
460 2078 546 2143 bona
568 2100 626 2163 per
640 2078 817 2164 predictam
842 2076 1051 2173 quitissam
1075 2087 1256 2143 erestantur
1270 2080 1323 2143 vel
1342 2101 1421 2144 ven·

271 2184 404 2262 duntur,
418 2191 457 2246 ut
470 2181 651 2266 predictum
664 2191 724 2262 est,
740 2181 872 2246 veniant
882 2202 990 2247 coram
1005 2180 1100 2246 nobis
1115 2191 1150 2247 et
1163 2182 1298 2247 consilio
1307 2194 1420 2249 nostro

269 2287 305 2351 iu
328 2285 491 2373 presentia
516 2286 714 2370 prefatorum
738 2284 1006 2370 appreciatorum,
1030 2293 1065 2349 et
1088 2284 1318 2370 inquisitorum
1343 2309 1420 2352 nos-

267 2402 404 2468 trorum,
418 2389 452 2452 in
468 2387 604 2454 Octabis
619 2388 770 2452 instantis
786 2387 861 2453 lesti
877 2387 987 2454 Sancti
1003 2387 1165 2469 Edwardi,
1188 2389 1293 2474 parati
1308 2399 1419 2455 osten·

267 2497 342 2560 dere
368 2515 426 2581 per
449 2501 685 2558 sacramentum
711 2515 808 2557 suum
828 2502 862 2558 et
886 2501 1102 2558 mercatorum
1128 2513 1273 2571 suorum,
1296 2515 1360 2578 que
1383 2505 1418 2560 et

265 2600 434 2684 cujusdam
448 2596 536 2661 bona
550 2617 609 2660 sua
623 2617 681 2680 per
695 2595 873 2680 predictam
895 2594 1106 2662 comitissam
1120 2596 1253 2662 vendita
1277 2606 1354 2661 sunt
1365 2599 1418 2663 vel

265 2710 413 2780 arestats,
439 2713 473 2764 et
501 2707 642 2782 quantus
672 2699 791 2776 extitit,
814 2707 848 2762 et
870 2707 979 2762 rectus
1002 2699 1093 2763 valor
1114 2699 1303 2777 eomndem,
1317 2710 1352 2763 et
1374 2702 1415 2767 sd

264 2802 480 2889 recipiendam
495 2799 840 2885 recompensationem,
854 2821 917 2885 que
940 2799 1003 2865 sibi
1024 2801 1095 2865 fieri
1109 2802 1239 2886 poterit,
1262 2802 1303 2865 de
1318 2801 1414 2867 bonis

263 2908 331 2972 suis
346 2903 486 2971 venditis
501 2902 719 2968 velerestatis.
757 2901 959 2982 Ita‚scilicet,
971 2903 1058 2986 quod
1076 2902 1105 2966 si
1126 2902 1167 2967 de
1189 2902 1269 2966 falsa
1284 2925 1415 2988 sugges·

261 3010 351 3074 tione
374 3007 428 3071 vel
451 3005 619 3071 exactione
646 3025 744 3090 super
775 3005 839 3070 hoc
872 3003 1085 3090 postmodum
1114 3003 1254 3070 convicti
1283 3005 1413 3086 luerint,

262 3111 435 3176 amissione
461 3109 608 3174 omnium
637 3105 798 3173 bonorum
829 3127 963 3171 suorum
998 3105 1174 3172 incurrant.
1240 3106 1287 3172 Et
1322 3109 1411 3192 quod

261 3213 404 3278 universi
420 3221 453 3277 et
468 3211 585 3296 singuli
600 3217 613 3292 l
628 3209 779 3295 religiosi,
793 3210 846 3277 vel
861 3208 918 3297 qui
935 3231 955 3272 n
969 3209 1123 3294 predictis
1145 3209 1561 3295 Flandrensibu,f0.12720.

263 3315 528 3394 Hanonensibus,
539 3325 596 3380 aut
610 3314 681 3379 aliis
697 3315 738 3379 de
763 3321 924 3399 potestate
940 3312 1026 3378 dicte
1042 3313 1230 3394 Comitisse,
1245 3335 1332 3379 arras
1347 3339 1408 3401 pro

258 3420 341 3486 lanis
356 3429 390 3485 et
400 3419 471 3484 aliis
482 3417 577 3484 honis
586 3416 746 3482 habendis
760 3415 952 3502 receperint,
960 3424 994 3481 et
1008 3415 1064 3501 qui
1079 3437 1098 3479 a
1112 3415 1192 3500 ipsis
1201 3416 1236 3480 in
1246 3417 1406 3503 aliquibus

256 3524 375 3590 debitis
389 3531 552 3602 tenentur,
567 3531 646 3586 tunc
662 3519 728 3585 sint
737 3519 785 3584 ibi
798 3519 840 3584 ad
849 3517 1015 3584 liberanda
1030 3517 1125 3584 nobis
1140 3519 1261 3584 ibidem
1276 3543 1364 3587 arras
1373 3533 1407 3588 et

257 3628 440 3694 debitailla.
484 3627 531 3690 Et
550 3624 780 3691 nichilominus
805 3644 865 3688 vos
888 3622 988 3707 ipsos,
1015 3643 1154 3706 quorum
1171 3623 1306 3688 nomina
1327 3625 1406 3690 dicti

254 3732 462 3818 inquisitores
477 3729 580 3796 nostri
590 3726 684 3794 vobis
700 3726 781 3791 scire
795 3725 924 3816 facient,
939 3725 980 3790 ad
994 3726 1057 3790 hoc
1071 3747 1130 3811 per
1138 3736 1240 3791 terras
1250 3735 1283 3791 et
1292 3729 1405 3793 catalla

255 3834 361 3897 suain
376 3832 615 3897 ballivavestra
633 3828 851 3915 distringatis3
866 3838 901 3894 et
919 3828 959 3892 ad
976 3827 1078 3893 dictas
1094 3828 1348 3914 appreciationes
1371 3841 1405 3896 et

254 3932 480 4017 inquisitiones
504 3931 666 3996 faciendas
689 3931 798 3996 venire
825 3929 949 3996 faciatis
975 3952 1083 3996 coram
1109 3930 1262 4016 predictis
1288 3952 1403 4016 appre-
1473 3927 1476 3934 ’

253 4035 427 4100 ciatoribus
450 4042 484 4098 et
505 4033 752 4118 inquisitoribus
774 4034 905 4113 nostris,
929 4034 968 4098 ad
993 4043 1098 4098 certos
1120 4034 1206 4098 diem
1229 4044 1263 4098 et
1283 4034 1403 4113 locum,

253 4159 334 4224 quos
363 4137 469 4203 eidem
498 4137 704 4221 inquisitores
741 4136 835 4201 vobis
873 4137 954 4202 scire
982 4136 1101 4200 facient
1136 4136 1219 4200 infra
1250 4135 1401 4208 ballivum
