3930 5088
319 3769 357 3818 Dr
367 3767 467 3816 odmen

316 3833 365 3894 μὴ’
375 3828 474 3879 Domini
480 3827 526 3876 Rr-

318 3899 355 3962 pis
366 3893 497 3945 Londona'a'r
510 3908 526 3940 o

318 3959 492 4012 mormorion.

540 506 602 579 170
889 527 1053 574 «aomos
1076 529 1254 574 usronorr
1281 529 1326 572 nr

581 689 679 768 item,
692 690 734 755 de
748 691 863 758 litteris
883 693 1083 779 patentibus,
1102 715 1183 779 quas
1197 694 1329 779 quidam
1343 697 1386 762 de
1399 695 1513 762 officiis
1527 696 1687 776 fecerunt,

537 799 572 854 et
585 812 670 855 nova
678 801 800 857 statuta
810 795 1042 860 ordinaverunt
1051 794 1093 860 ad
1101 795 1289 861 eorumdem
1301 800 1509 865 commodum
1517 799 1687 884 proprium

538 891 743 960 solummodo
766 903 801 960 et
822 895 864 960 ad
889 897 1070 981 dampnum
1095 899 1197 962 totius
1224 897 1374 963 Civitatis
1396 909 1431 965 ct
1450 900 1554 965 totius
1574 899 1687 984 regnit

538 993 657 1078 quibus
671 994 788 1060 litteris
802 997 873 1083 ipse
887 998 1000 1083 posuit
1014 1007 1141 1082 partem
1156 999 1252 1084 sigilli
1268 999 1531 1079 Communium,
1546 1021 1609 1086 que
1623 1001 1693 1082 fuit,

537 1095 573 1160 in
587 1117 703 1163 manus
726 1120 813 1178 snas,
838 1099 918 1164 dnm
932 1099 996 1164 init
1011 1100 1131 1179 Maior,
1154 1101 1226 1166 sine
1243 1123 1379 1168 mscnsn
1392 1105 1687 1169 Aldermannorum

538 1207 571 1262 et
596 1198 732 1264 aliorum
760 1201 914 1281 virorum
938 1223 999 1288 pro
1027 1225 1146 1289 magun
1173 1203 1311 1288 pecunia
1335 1215 1464 1291 recepta
1492 1203 1620 1268 abillis
1644 1203 1686 1268 de

538 1301 662 1382 officiis,
688 1303 767 1368 satis
788 1313 939 1370 notatum
964 1312 1016 1370 cst
1040 1313 1075 1370 ct
1098 1304 1219 1390 iiquidc
1240 1306 1276 1369 in
1297 1317 1412 1391 quarto
1434 1314 1469 1370 et
1488 1303 1586 1369 tertio
1599 1303 1686 1367 foliis

538 1403 785 1487 precedentibus
799 1406 898 1491 hujus
912 1405 996 1471 iibri.
1040 1406 1088 1470 Et
1108 1407 1206 1471 ctiam
1227 1407 1348 1472 ibidem
1372 1407 1529 1492 scriptum
1552 1415 1604 1470 est
1622 1426 1686 1489 qun

539 1504 580 1570 de
595 1529 691 1572 cansa
707 1508 902 1574 sttacbistns
917 1508 980 1572 fuit
993 1529 1052 1594 per
1065 1509 1111 1574 xii
1126 1519 1383 1595 manucaptorcs.

583 1609 679 1689 ltern,
694 1631 769 1675 cnm
783 1609 928 1691 bladum,
942 1609 1067 1690 vinnm,
1082 1621 1117 1676 et
1135 1611 1334 1696 hujusmodi,
1344 1611 1480 1674 veniens
1494 1608 1529 1673 in
1544 1607 1686 1672 civitate

538 1711 580 1776 ad
590 1709 809 1792 rendendum,
823 1710 933 1778 reduci
947 1733 1013 1777 non
1026 1711 1143 1778 debent
1153 1723 1243 1777 extra
1258 1711 1444 1788 Civitatem,
1464 1710 1522 1774 aed
1535 1710 1634 1775 vendi
1651 1710 1686 1775 in

540 1812 680 1880 Ciuitate
710 1815 890 1881 secundum
918 1813 1022 1900 legem
1051 1824 1086 1879 et
1114 1813 1384 1880 consuetudinem
1417 1811 1579 1891 Civitatis,
1603 1812 1687 1896 ipse,

539 1916 686 1981 mercede
709 1925 813 2002 cepta,
838 1916 999 1996 videlicet,
1024 1917 1065 1982 de
1090 1917 1199 2002 sliquo
1223 1925 1413 1993 mercatore,
1436 1913 1530 1979 doleo
1553 1913 1622 1978 vini
1644 1913 1686 1979 de

540 2017 646 2103 aliqua
663 2017 742 2103 pipa
755 2017 795 2082 de
810 2017 917 2103 aliquo
931 2029 1000 2097 ω,
1013 2018 1163 2103 permisit
1180 2019 1353 2104 plusquam
1366 2015 1454 2079 mille
1469 2015 1555 2079 dolia
1569 2014 1688 2079 abduci

539 2119 714 2184 aCivitate
733 2127 846 2184 contra
867 2129 1102 2186 momentum
1117 2141 1214 2186 suurn
1229 2128 1263 2184 et
1276 2120 1318 2185 ad
1332 2139 1486 2203 magnum
1505 2117 1685 2202 dampnum

542 2219 700 2286 Civitatis.

584 2321 668 2386 Item
691 2333 839 2411 tempore
861 2344 927 2408 quo
950 2321 1116 2389 contentio
1135 2324 1199 2388 init
1222 2324 1308 2388 inter
1326 2323 1464 2388 maiores
1487 2330 1522 2386 et
1543 2321 1685 2386 minores

539 2422 581 2488 de
596 2423 736 2488 Ciuitate
756 2445 854 2508 super
873 2422 1029 2488 electione
1046 2423 1194 2503 Maioris,
1207 2424 1289 2509 ipae,
1304 2424 1374 2488 aine
1395 2443 1531 2489 assensu
1549 2421 1684 2487 Domini

540 2525 638 2608 Regis
663 2533 698 2590 et
725 2533 911 2610 magnatum
936 2523 1098 2604 Civitatis,
1127 2525 1205 2590 fecit
1229 2525 1369 2591 assidere
1397 2526 1483 2591 inter
1510 2523 1684 2608 complices

539 2649 628 2708 snos,
642 2637 721 2693 tunc
735 2627 891 2712 temporis
906 2628 936 2693 ei
951 2627 1155 2704 adherentes,
1169 2649 1273 2693 unum
1286 2628 1450 2713 tollagium
1464 2627 1506 2692 ad
1522 2647 1683 2690 summam

538 2731 588 2794 xl·
601 2751 779 2796 marcarum
794 2739 829 2796 et
842 2730 1001 2816 amplius3
1022 2751 1086 2817 que
1099 2731 1237 2817 pecunia
1251 2729 1413 2814 asamona
1433 2729 1497 2792 fuit
1514 2748 1574 2812 per
1594 2727 1684 2812 ipsos

538 2833 579 2898 ad
603 2854 776 2899 commune
798 2832 965 2918 negotium
986 2831 1116 2898 illorum
1140 2833 1414 2918 prosequendum.
1457 2828 1567 2896 Quam
1586 2850 1685 2913 pecu-

538 2933 625 3000 niam
640 2935 711 3022 ipse
724 2943 827 3001 totam
842 2935 1002 3001 convertit
1015 2936 1049 3000 in
1064 2955 1144 3001 usus
1157 2935 1317 3022 proprios.

583 3037 669 3101 Item
689 3057 750 3122 per
772 3036 1031 3119 procurationem
1051 3057 1142 3100 auam
1163 3036 1296 3121 quidam
1309 3037 1350 3102 de
1366 3035 1517 3114 civitate,
1531 3033 1573 3099 dc
1589 3031 1685 3098 Steb-

538 3161 614 3224 ney,
637 3136 837 3215 Stratiordin,
860 3146 894 3200 et
917 3137 1106 3223 Hakcneys,
1129 3147 1290 3203 venerunt
1317 3137 1353 3202 in
1378 3137 1476 3222 pleno
1507 3135 1693 3220 Hustingo,'
1758 3163 1765 3180 ·

539 3242 696 3307 ducentes
733 3259 844 3303 secum
876 3239 1049 3323 quemdam
1089 3239 1297 3306 considicum.
1342 3239 1504 3304 Fecerunt
1527 3236 1683 3322 injustam

540 3342 774 3429 querimoniam
793 3342 834 3406 de
859 3341 1014 3423 Maiore!
1036 3341 1091 3427 qui
1115 3341 1231 3408 hebuit
1252 3341 1293 3407 dc
1314 3343 1399 3407 facto
1426 3363 1485 3407 suo
1505 3351 1683 3404 wmantum

540 3443 712 3523 sufficiens,
736 3442 868 3523 scilicet,
890 3442 1062 3509 consilium
1084 3444 1220 3511 Domini
1242 3443 1350 3530 Regis.
1395 3441 1472 3527 Ipse
1493 3460 1570 3505 vero
1592 3438 1684 3504 Wal-

539 3555 629 3611 terus
645 3544 735 3609 stetit
749 3565 824 3609 oum
847 3543 922 3623 illis,
946 3555 980 3609 et
1001 3546 1234 3631 querimoniam
1259 3545 1389 3610 illorum
1411 3540 1577 3631 sustinuit
1599 3541 1684 3604 sicut

539 3654 728 3734 prenotatur
741 3644 775 3709 in
791 3645 934 3710 secundo
948 3645 1027 3712 folio
1041 3647 1228 3731 precedenti
1240 3646 1338 3730 hujus
1352 3643 1437 3708 libri.

584 3749 660 3815 iioc
673 3745 847 3827 anno‚xiiii
862 3744 913 3810 die
927 3745 951 3812 ‚J
953 3745 1031 3826 unii,
1045 3755 1124 3812 tunc
1137 3747 1294 3831 temporis
1309 3743 1362 3809 die
1370 3743 1393 3809 J
1395 3743 1474 3819 ovis,
1489 3741 1581 3806 venit
1595 3740 1684 3806 Lon-

540 3851 646 3918 doniio
672 3873 692 3916 a
716 3847 938 3915 transmarinis
971 3846 1116 3933 partibus
1144 3847 1231 3913 filius
1260 3845 1396 3912 Domini
1424 3842 1522 3931 Regis
1551 3843 1683 3910 nomine

539 3953 697 4034 Auniurs,
727 3949 783 4038 qui
812 3958 907 4017 natus
937 3949 1000 4016 init
1034 3947 1118 4016 circa
1146 3949 1267 4016 festum
1301 3947 1460 4016 Omnium
1489 3945 1682 4014 Sanctorum
