3870 5004
573 623 637 682 202
1044 634 1243 680 inenumx.

570 788 623 836 sine
632 801 729 836 mensu
740 786 865 847 utriusque
874 786 955 847 partis.
994 786 1079 834 Postea
1089 787 1129 834 dio
1139 785 1224 834 Mutis
1231 793 1289 834 ante
1298 786 1387 834 fastum
1396 785 1479 834 Sanan
1489 785 1506 834 J
1507 786 1609 834 ohannis
1619 785 1726 846 Baptiate

572 870 635 918 laeta
645 875 679 917 eat
690 884 737 930 pax
748 869 812 915 inter
826 868 962 928 prodietum
978 867 1068 928 Regem
1079 875 1104 914 et
1115 869 1220 915 Berones
1229 868 1256 914 in
1267 875 1343 928 prato,
1359 867 1402 928 qui
1412 873 1511 914 vocatur
1522 866 1651 914 Runmade
1662 869 1724 913 initii¹

572 951 658 1000 Stsnes
667 957 692 998 et
703 949 910 1011 Wyndlesbmm,
926 949 1030 996 Domino
1048 948 1171 1010 Stephano
1187 950 1372 1010 Amhiopisoopo
1386 949 1516 1006 mediante,
1534 963 1590 996 oum
1606 948 1659 995 aliis
1675 947 1725 994 suis

571 1034 715 1094 eoepisoopis
730 1031 893 1093 sniingmis,
903 1036 928 1078 et
937 1045 1009 1092 snper
1018 1031 1065 1079 hoo
1075 1031 1133 1079 ieoit
1140 1032 1205 1078 idem
1216 1029 1271 1079 Rea
1281 1037 1371 1079 mutam
1381 1045 1458 1091 emm,
1469 1044 1517 1092 qna
1527 1045 1667 1091 nunequam
1678 1030 1725 1076 luit

570 1115 700 1162 observata.

603 1195 695 1254 Postea,
706 1193 790 1241 eedem
800 1207 872 1253 suno,
883 1197 936 1254 post
946 1193 1032 1240 testum
1043 1191 1126 1240 Sancti
1137 1192 1305 1250 hunuano,
1316 1193 1381 1253 apud
1397 1191 1482 1240 Stsnes
1494 1197 1592 1253 eaptum
1601 1197 1637 1239 est
1647 1191 1723 1253 parla-

568 1283 687 1334 mentum,
705 1276 749 1322 nbi
766 1275 888 1335 predictus
912 1275 1111 1336 Asehiepiseopns
1129 1281 1153 1322 et
1171 1275 1221 1322 lene
1238 1289 1321 1322 omnes
1340 1275 1452 1335 Episoopi
1470 1274 1560 1336 Anglie
1577 1281 1602 1322 et
1619 1275 1721 1335 predicti

568 1357 675 1403 Baronm
683 1361 844 1402 convenerant
853 1362 878 1401 et
888 1355 995 1402 leoerunt
1012 1357 1046 1402 ibi
1062 1369 1152 1402 moram
1167 1370 1210 1417 pen·
1225 1361 1273 1403 tres
1285 1356 1337 1402 dies
1350 1357 1485 1403 oontinuos.
1518 1355 1588 1402 Idem
1599 1369 1654 1402 vero
1665 1354 1719 1403 Rex

565 1438 699 1484 absentavit
713 1451 738 1484 se
752 1443 777 1484 et
796 1436 874 1483 noluit
887 1437 921 1483 ibi
932 1437 1013 1484 venire
1025 1455 1032 1493 ς
1047 1437 1089 1483 sed
1102 1438 1168 1484 misit
1176 1437 1278 1484 nunoios
1286 1451 1342 1484 sues
1351 1437 1377 1484 in
1388 1437 1496 1498 pertibus
1505 1437 1668 1484 nammis
1678 1451 1722 1497 pro

565 1519 682 1566 militibus
692 1525 717 1566 et
732 1519 895 1575 servienu‘bus,
912 1523 941 1564 ut
951 1520 1069 1566 venisseut
1087 1533 1144 1565 oum
1157 1519 1226 1579 equis
1241 1525 1266 1566 et
1278 1519 1351 1566 armis
1364 1519 1390 1565 in
1407 1518 1522 1580 Angliam
1537 1519 1649 1566 bellaturi
1664 1532 1721 1566 oum

565 1601 630 1648 dioto
641 1600 709 1662 Rege
720 1610 804 1646 oonua
814 1600 891 1647 dietus
901 1600 1016 1648 Baiones·

596 1681 629 1730 lit
647 1682 692 1728 hso
708 1682 740 1728 de
756 1696 827 1729 esum
840 1681 886 1742 ipsi
901 1681 1007 1729 Baiones
1020 1681 1136 1730 mismnnt
1148 1697 1193 1743 pso
1206 1682 1348 1742 isodomon,
1363 1681 1413 1730 fllio
1428 1682 1587 1743 primogenito
1603 1681 1718 1744 Philippi,

562 1761 637 1824 Regis
653 1761 1131 1821 aneieutveniretelsinsuxilium
1146 1769 1171 1810 et
1187 1763 1295 1810 immuni
1310 1763 1332 1809 ei
1350 1763 1501 1810 securitatem
1516 1769 1540 1810 et
1555 1769 1719 1824 pmeamset

560 1857 605 1904 per
614 1844 708 1890 obsides
717 1844 800 1892 misses
809 1844 833 1890 ei
843 1843 907 1890 ultra
916 1857 990 1893 muru.
1023 1843 1056 1891 lit
1066 1845 1175 1892 similiter
1185 1849 1209 1892 et
1220 1844 1304 1892 aedem
1314 1844 1386 1890 modo
1396 1845 1505 1892 iuuerunt
1515 1845 1701 1894 londonienses.

593 1924 667 1971 Anno
684 1925 743 1972 xvi‘t
754 1924 824 1985 segni
839 1924 878 1971 sui
891 1925 1009 1984 applicuit
1024 1924 1089 1971 idem
1104 1925 1251 1985 lodowyeus
1265 1925 1329 1984 spnd
1351 1923 1454 1972 Tanatus
1464 1925 1490 1971 in
1502 1925 1610 1974 Insulam
1619 1927 1652 1972 vii
1675 1925 1717 1972 ka-

559 2005 643 2052 lendas
650 2004 667 2055 J
669 2007 721 2053 unii
731 2023 738 2064 ς
754 2006 796 2066 qui
807 2007 905 2053 veniens
915 2020 997 2054 seusus
1007 2007 1143 2054 londonias
1153 2007 1217 2068 oepit
1227 2006 1351 2054 mullum
1361 2007 1393 2053 de
1405 2005 1553 2064 Rouoam,
1564 2013 1590 2054 at
1600 2008 1639 2055 die
1650 2007 1716 2055 Jovis

560 2087 585 2134 ln
598 2087 740 2134 Ebdomsda
750 2087 900 2134 Pentecoste
910 2087 976 2135 venit
986 2087 1117 2134 londoniis
1131 2093 1156 2134 et
1173 2088 1207 2136 ibi
1223 2101 1281 2135 oum
1296 2101 1384 2148 magns
1399 2087 1547 2147 prooemione
1564 2089 1590 2134 in
1609 2088 1716 2136 Eoeleeia

559 2167 642 2217 Sancti
654 2170 723 2216 Pauli
734 2177 844 2230 redeptus
853 2175 896 2220 est.
929 2169 963 2216 Et
981 2169 1007 2216 in
1024 2169 1127 2218 omnino
1139 2169 1244 2216 Rusones
1260 2175 1285 2216 at
1295 2169 1363 2216 Cives
1379 2169 1557 2216 londoniarum
1573 2169 1681 2218 ieoerunt
1691 2172 1715 2218 ei

557 2249 695 2312 homagium
713 2251 778 2310 spnd
791 2251 1036 2300 Wesunonssteiium.
1071 2252 1156 2299 Postea
1166 2251 1243 2298 mults
1253 2257 1330 2298 oasua
1339 2251 1377 2298 vel
1388 2251 1483 2298 reddita
1499 2256 1555 2298 sunt
1569 2252 1592 2298 ei
1603 2251 1640 2298 vel
1650 2253 1674 2299 al
1685 2267 1713 2300 eo

557 2337 634 2392 napta,
650 2331 749 2389 scilieet,
764 2332 888 2379 entellum
899 2333 929 2378 de
941 2331 1049 2393 augete
1060 2333 1183 2380 maelium
1194 2334 1226 2379 de
1236 2333 1371 2390 Gildeiord
1388 2333 1511 2380 usstellum
1527 2332 1558 2380 de
1569 2332 1714 2392 limpham,

556 2413 640 2460 divites
651 2411 781 2472 Wyntonie
791 2427 847 2459 oum
863 2419 947 2470 eastre,
958 2421 1062 2460 ausuum
1073 2414 1104 2460 de
1114 2413 1226 2462 Odihsm.
1272 2415 1357 2462 Postea
1367 2416 1417 2475 ipse
1428 2415 1582 2476 lodenyom,
1593 2417 1633 2464 die
1644 2416 1713 2464 Luna

555 2500 610 2554 post
617 2493 704 2540 iustum
714 2492 802 2540 Sancte
814 2492 955 2554 liniges-ete,
962 2492 1033 2540 duxit
1043 2507 1157 2555 magnum
1165 2494 1296 2541 exereitum
1307 2496 1371 2556 apud
1380 2497 1515 2556 novalem,
1523 2503 1548 2545 et
1558 2513 1649 2545 moram
1657 2498 1715 2547 teuit

556 2576 582 2622 in
598 2576 731 2622 obse-ione
747 2575 805 2622 dioti
826 2575 904 2622 (lutri
917 2589 960 2636 por
974 2589 1006 2622 xv
1016 2575 1175 2636 septimanam
1189 2576 1232 2622 sed
1248 2576 1322 2624 niebil
1339 2578 1475 2638 adquisivit.
1510 2578 1558 2626 Sed
1575 2581 1671 2629 reoessit
1688 2587 1713 2630 et

555 2659 622 2705 venit
637 2658 703 2718 apud
719 2657 866 2704 Lambeheth
877 2657 917 2702 die
925 2655 1025 2703 Veneris
1041 2663 1098 2704 snte
1113 2657 1200 2704 testum
1218 2656 1300 2705 saneti
1317 2659 1453 2718 Leonas-dh
1468 2665 1493 2706 et
1509 2661 1535 2706 in
1553 2661 1612 2708 leste
1629 2661 1712 2709 Sancti

556 2739 675 2787 Leonsrdi
691 2739 786 2786 reddita
799 2745 834 2786 est
849 2739 872 2786 ei
885 2738 968 2785 Turris
983 2739 1161 2786 Londonierum
1172 2739 1197 2785 in
1208 2740 1267 2787 hera
1277 2742 1417 2801 vespeffins.
1456 2741 1541 2790 Postu
1551 2743 1636 2790 ultimo
1646 2758 1711 2790 snno

555 2822 625 2883 regni
640 2823 686 2880 sui,
698 2823 761 2884 xiiij⁰
771 2821 886 2869 kalendas
902 2821 1050 2878 Novembris,
1067 2821 1116 2882 ipse
1133 2820 1195 2878 Rex,
1206 2822 1265 2868 dnm
1276 2830 1411 2884 portaretur
1426 2837 1498 2885 super
1507 2824 1621 2872 ieretmm
1631 2826 1709 2873 oebal-

554 2903 633 2950 linum
650 2908 753 2964 egrotus,
767 2907 796 2950 ut
814 2902 912 2960 dieitur,
929 2902 988 2948 obiit
1005 2901 1068 2948 inter
1078 2901 1191 2950 Staniord
1208 2909 1232 2950 et
1249 2903 1379 2952 llunsorel.
1414 2905 1446 2952 Et
1456 2907 1490 2952 ita
1501 2907 1558 2966 ipse,
1569 2908 1612 2967 qni
1622 2921 1710 2970 eogno-

553 2985 659 3032 minatus
670 2990 721 3032 erat
729 2983 869 3042 dinotet-su,
879 2983 939 3032 obiit
949 3001 956 3041 3
971 2983 1079 3044 regnavit
1092 2989 1174 3030 autem
1190 2984 1216 3030 in
1227 2986 1316 3047 Anglia
1326 2987 1391 3032 idem
1403 2986 1457 3036 Rex
1469 2989 1518 3034 xvii
1528 2989 1599 3036 annis
1609 2995 1634 3036 et
1643 3003 1710 3036 men·

552 3067 619 3114 sibus
629 3067 738 3127 quinque
748 3073 772 3112 et
783 3066 868 3112 diebus
878 3065 987 3125 quinque
998 3082 1005 3122 ς
1021 3065 1064 3124 qui
1075 3065 1152 3112 multa
1162 3067 1225 3113 muln
1235 3075 1259 3114 et
1269 3069 1381 3128 peueimus
1391 3069 1543 3118 erudelitates
1553 3070 1649 3131 leuel-at,
1660 3085 1708 3133 que

554 3161 603 3195 uon
613 3153 671 3194 sunt
680 3147 769 3207 seripts
776 3145 804 3191 in
815 3145 877 3192 libro
887 3145 942 3192 boo.

937 3289 1011 3336 Anne
1023 3289 1120 3337 Domini
1132 3291 1177 3337 Me
1186 3291 1244 3340 (ἔθ’.
1257 3293 1326 3342 xv1.

588 3395 709 3442 Heurious
725 3393 806 3441 statim
823 3397 876 3454 post
891 3399 992 3440 nortem
1009 3392 1067 3441 dieti
1084 3393 1158 3457 Regis
1176 3393 1280 3445 infesto
1299 3397 1404 3447 Simonis
1418 3401 1526 3460 etJude,
1536 3403 1634 3463 soilioet,
1644 3405 1708 3452 fliius

552 3489 612 3522 suus
622 3475 801 3536 piimogenitun
813 3475 870 3534 quis
885 3481 981 3536 propter
996 3489 1107 3536 guerram
1124 3486 1312 3538 perseverantem
1328 3481 1459 3529 Londeniis
1470 3483 1550 3530 venire
1561 3499 1608 3531 non
1620 3489 1706 3545 potnit,

549 3563 677 3603 eoronatua
694 3557 742 3602 tuit
759 3555 824 3616 apud
843 3555 1021 3614 Glonvemism
1040 3559 1189 3619 presentibus
1207 3560 1296 3608 ibidem
1316 3562 1420 3610 Domino
1438 3563 1509 3610 Gallo
1526 3565 1622 3610 Domini
1641 3565 1705 3626 Papo

553 3635 651 3698 Legata,
668 3636 778 3683 Dominis
794 3636 866 3684 Petro
878 3635 1050 3697 wyntoniensi,
1065 3639 1175 3689 Jooelino
1187 3643 1332 3702 Batoniensi,
1344 3644 1474 3690 Willielmo
1485 3644 1624 3690 monerem
1636 3645 1704 3706 Epis-

549 3719 623 3780 oopis,
641 3718 745 3765 Domine
760 3717 890 3763 Williolmo
908 3717 1054 3778 Mmesmllo,
1071 3721 1164 3769 Gemite
1181 3723 1212 3770 de
1229 3724 1351 3783 Femiis,
1368 3730 1393 3771 et
1408 3723 1538 3770 Willielmo
1555 3723 1660 3772 Briwere
1679 3735 1704 3776 et

549 3800 659 3860 isabella,
671 3799 774 3861 Regina,
785 3805 860 3845 metae
879 3800 937 3860 ejus.
971 3799 1029 3848 Fuit
1046 3809 1127 3850 sutem
1144 3819 1212 3864 puer,
1230 3811 1336 3864 tempore
1347 3819 1395 3864 quo
1405 3809 1531 3852 ooronstua
1541 3812 1585 3864 eet,
1597 3809 1666 3855 etatis
1677 3809 1703 3856 ix

548 3895 667 3930 annornm
688 3888 714 3928 et
735 3881 802 3928 xxvii
821 3879 923 3927 dierum.
966 3880 1057 3942 Postea,
1074 3885 1196 3945 prediatus
1213 3885 1359 3944 Ledewyons
1377 3899 1434 3932 enm
1451 3888 1558 3934 exercitu
1575 3903 1619 3936 ano
1637 3891 1701 3951 oepit

548 3963 671 4012 osatellum
683 3963 714 4010 de
725 3961 853 4010 Herteierd
864 3967 889 4008 et
899 3967 1002 4008 euenum
1013 3964 1044 4010 de
1056 3964 1212 4011 Belsinuede
1221 3965 1285 4010 eiroe
1295 3965 1381 4012 testum
1392 3966 1479 4015 Sancte
1491 3967 1573 4018 Lueie.
1600 3970 1633 4018 Et
1642 3977 1702 4018 tuno

548 4043 611 4093 iaetu
627 4049 684 4092 sunt
698 4049 782 4104 treuge
801 4042 863 4089 inter
877 4043 991 4104 juvenem
1009 4043 1100 4106 Regem
1119 4049 1143 4091 et
1162 4045 1296 4105 predictum
1311 4045 1470 4108 Iodewyunm
1483 4068 1490 4108 ς
1505 4051 1548 4110 qui
1559 4065 1614 4098 vero
1626 4051 1701 4100 lode-

550 4143 637 4186 wyeus,
648 4134 717 4188 espta
732 4125 787 4172 villa
802 4125 832 4172 de
850 4123 903 4186 Rye
918 4124 943 4170 in
961 4127 1074 4173 comitatu
1094 4127 1212 4186 smnio,
1229 4128 1317 4176 ibidem
1336 4131 1502 4181 tramnotavit.
1537 4134 1628 4196 Postea,
1638 4149 1702 4182 anno

550 4207 594 4258 ΜΟ.
606 4210 665 4258 GO‘.
677 4209 751 4256 xvii
765 4208 829 4254 venit
839 4208 926 4256 iterum
937 4206 1015 4255 dietus
1027 4207 1172 4270 lodewycus
1182 4209 1207 4257 in
1220 4209 1309 4275 Anglia
1319 4227 1374 4262 oum
1386 4229 1473 4277 magno
1484 4217 1599 4265 exercitu.
