3930 5088
561 623 620 682 128
678 643 681 652 ·
911 635 1074 680 cucuron
1098 635 1272 680 usrouuu
1299 636 1344 679 ur

597 789 691 854 Tunc
727 787 863 854 missum
895 795 948 852 est
988 785 1084 853 breve
1118 785 1254 852 Domini
1295 785 1393 871 Regis
1428 785 1563 854 Civibus
1609 787 1699 853 Lou-

554 892 723 958 doninrum
740 889 801 957 sub
816 892 919 955 forms
930 889 1122 974 subscripta

599 995 772 1072 Henricus,
797 993 863 1059 Dei
887 993 999 1078 gretie,
1025 994 1086 1058 &c
1119 991 1240 1057 Maiori
1264 999 1299 1058 et
1323 991 1578 1058 vicecomitibus
1593 1001 1627 1059 et
1637 993 1709 1058 toti,

555 1095 793 1164 communitati
815 1095 965 1161 Civitatis
986 1116 1044 1163 sue
1058 1094 1304 1160 Londcnierum
1327 1095 1483 1162 Salutem.
1528 1094 1615 1164 Cum
1629 1118 1700 1175 vos,

554 1199 674 1278 Maior,
688 1207 723 1262 et
736 1196 869 1282 quidum
884 1197 925 1262 de
939 1197 1129 1264 concivibus
1142 1197 1261 1264 vestris
1274 1198 1440 1284 predictis,
1461 1219 1566 1282 nuper
1579 1199 1614 1264 in
1627 1221 1702 1285 pre·

554 1300 659 1368 sentis
673 1309 786 1366 nostra
798 1299 981 1380 constituti,
995 1301 1059 1366 tule
1079 1309 1317 1370 sacramentum
1335 1301 1568 1386 prestuveritis,
1587 1302 1701 1368 videli-

553 1415 617 1485 cet,
650 1403 739 1489 quod
771 1411 883 1468 nostre
906 1401 984 1468 fidei
1008 1417 1121 1468 nostro
1155 1411 1315 1488 perpetuo
1347 1413 1536 1470 constanter
1566 1404 1701 1472 adhere-

553 1507 642 1587 bitis,
662 1516 698 1572 et
731 1504 771 1585 si,
794 1504 925 1572 vivente
947 1504 1121 1584 Eduardo,
1145 1505 1363 1591 primogenito
1386 1515 1509 1585 nostro,
1535 1506 1577 1572 de
1604 1507 1701 1572 uobis

554 1609 739 1676 humaniter
753 1607 936 1694 contigerit,
943 1605 1015 1692 ipse
1029 1605 1204 1686 Eduardo,
1213 1615 1249 1672 ct
1270 1605 1310 1687 si,
1318 1606 1450 1670 vivente
1460 1607 1624 1687 Johmne,
1634 1607 1702 1672 filio

556 1733 627 1791 suo,
642 1733 703 1781 nos
718 1721 754 1778 et
775 1711 847 1797 ipse
872 1709 1054 1776 Edvurdus
1077 1707 1112 1774 in
1135 1708 1203 1774 iota
1220 1707 1466 1788 decesserimus,
1481 1709 1545 1794 ipsi
1554 1707 1702 1774 Johanni

555 1835 614 1899 pre
623 1816 750 1880 cunctis
765 1812 958 1879 mortalibus
978 1811 1116 1876 eundem
1128 1809 1228 1878 fidem
1242 1809 1414 1897 portabitis
1429 1817 1463 1876 et
1477 1809 1702 1890 observabitis,

555 1927 676 2002 etpost
701 1917 772 2001 ejus
793 1916 964 1982 deoeusum
979 1913 1076 1980 rectis
1091 1911 1265 1980 heredibus
1289 1934 1410 1980 corone
1428 1913 1557 1999 Anglie,
1581 1922 1617 1980 et
1641 1936 1703 1979 nos

556 2019 750 2106 quibusdem
766 2017 928 2084 decausis
951 2015 1115 2095 volumus,
1126 2015 1214 2100 qu6d
1229 2015 1365 2100 quilibet
1378 2025 1525 2082 vestrum
1538 2016 1602 2084 hcc
1614 2016 1703 2082 idem

556 2131 794 2190 sacramentum
815 2141 925 2186 corum
947 2118 1067 2186 dilecto
1090 2127 1125 2186 et
1147 2117 1237 2186 fideli
1251 2129 1365 2186 nostro
1380 2120 1536 2205 magistro
1549 2120 1703 2186 Johanne

555 2227 595 2292 de
611 2223 772 2304 Chishull,
785 2222 1001 2292 thesaurario
1010 2233 1136 2302 nostro,
1145 2220 1215 2307 sper
1232 2222 1405 2290 consilium
1420 2228 1531 2304 suum!
1545 2222 1652 2304 facist,
1667 2232 1701 2289 et

554 2349 614 2413 pru
625 2337 717 2413 parte
731 2349 791 2393 sua
805 2335 987 2405 conservet,
1001 2324 1095 2392 vobis
1121 2325 1325 2406 mundemus,
1345 2325 1434 2412 quod
1447 2347 1519 2406 vos,
1532 2347 1647 2392 omncs
1668 2336 1703 2394 et

555 2430 685 2514 singuli,
714 2429 756 2493 cd
780 2428 919 2512 aliquem
944 2435 1068 2494 certum
1095 2426 1183 2492 diem
1203 2427 1238 2492 in
1262 2427 1429 2512 Hustingo
1448 2438 1558 2494 vestro
1583 2429 1637 2495 vel
1661 2430 1703 2496 ed

557 2553 687 2598 crucem
710 2532 744 2596 in
770 2529 929 2600 cimiterio
961 2529 1074 2597 Sancti
1104 2529 1209 2610 Perdi,
1232 2529 1314 2598 illud
1349 2529 1437 2596 idem
1466 2541 1703 2598 mouumentum

555 2633 708 2721 prestetis
731 2633 766 2700 in
789 2633 893 2700 forms
915 2630 1069 2718 predicte.
1128 2632 1174 2698 Et
1199 2631 1275 2717 quis
1294 2631 1445 2700 volumus
1463 2634 1554 2718 quod
1580 2635 1704 2702 Civitas

555 2737 701 2823 predicte
720 2736 762 2805 ud
788 2744 931 2802 nostrum
958 2745 993 2801 et
1012 2743 1154 2804 vestrum
1181 2733 1389 2802 securitatem
1411 2745 1447 2802 et
1469 2758 1582 2822 pacem
1599 2737 1706 2804 taliter

557 2839 769 2920 custodiatur,
791 2861 834 2904 ne
859 2838 985 2923 uliquis,
1011 2838 1052 2904 de
1080 2859 1146 2923 quo
1176 2837 1319 2924 suspicio
1345 2837 1457 2904 heberi
1488 2839 1605 2925 possit,
1632 2861 1706 2905 enm

557 2943 763 3028 ingrediatur,
788 2963 847 3028 per
869 2941 957 3028 quod
979 2940 1075 3006 nobis
1089 2949 1124 3006 et
1138 2940 1230 3008 vobis
1254 2941 1433 3025 dampnum
1455 2951 1513 3006 sut
1526 2941 1705 3026 periculum

559 3055 674 3131 posset
686 3044 834 3124 evenirc;
849 3043 944 3108 vobis
958 3043 1150 3109 mundemus
1169 3043 1205 3110 in
1219 3042 1294 3123 fide,
1309 3041 1460 3128 homagio
1475 3053 1510 3110 et
1523 3044 1706 3125 dilectione,

558 3147 678 3232 quibus
702 3146 798 3212 nobis
822 3145 989 3224 tenemini,
1014 3144 1151 3211 firmiter
1179 3145 1386 3231 injungentes
1412 3145 1565 3230 quatinus
1594 3157 1705 3233 portas

558 3248 709 3314 Civitatis
723 3255 842 3326 vestre,
856 3267 933 3311 cum
953 3245 1141 3312 hominibus
1164 3247 1359 3314 sufficienter
1381 3251 1512 3316 armatis
1536 3253 1577 3319 de
1591 3253 1706 3320 diebus

558 3350 724 3432 custodiri,
739 3359 774 3416 et
787 3348 938 3415 noctibus
959 3347 1095 3414 firmiter
1116 3359 1150 3416 et
1175 3371 1286 3416 secure
1300 3352 1407 3418 claudi
1420 3353 1554 3431 facistis,
1570 3364 1604 3421 et
1617 3356 1707 3441 quod

558 3473 647 3517 erma
660 3473 721 3517 nec
746 3472 847 3536 equos
870 3450 967 3538 pretii
985 3461 1117 3517 centum
1142 3451 1320 3518 solidorum
1336 3454 1389 3520 vel
1405 3455 1500 3537 ultre,
1514 3465 1607 3522 extro
1619 3478 1707 3522 earn-

558 3555 633 3620 dem
657 3553 832 3620 Civitatem
857 3553 1015 3634 vendatis,
1044 3575 1106 3620 nec
1136 3576 1185 3635 cu,
1212 3555 1283 3621 eliis
1312 3577 1410 3641 quam
1438 3556 1550 3622 amicis
1586 3559 1707 3623 nostris

558 3657 707 3736 notoriis,
732 3665 823 3722 extre
850 3656 956 3741 ipsam
983 3656 1158 3723 Civitatem
1188 3657 1273 3738 duci,
1298 3658 1351 3723 vel
1379 3659 1510 3744 aliquod
1537 3660 1709 3746 collegium

559 3758 741 3837 hominum,
771 3756 811 3822 de
833 3777 898 3841 qua
924 3756 1055 3822 sinistra
1077 3758 1220 3844 suspicio
1240 3758 1353 3826 heberi
1377 3772 1500 3849 posset,
1525 3773 1583 3830 eut
1611 3764 1709 3830 etiam

559 3882 661 3946 equos
675 3861 716 3926 de
730 3858 840 3946 precio
854 3881 929 3924 cum
940 3859 1049 3939 ermis,
1058 3860 1162 3946 ipsam
1178 3860 1353 3928 civitatem
1364 3863 1489 3950 ingredi
1503 3865 1709 3952 permittetis,

561 3986 658 4050 super
668 3964 903 4029 forisfacturam
916 3962 1063 4028 omnium
1075 3962 1236 4028 bonorum
1246 3975 1440 4048 vestrorum,
1456 3978 1490 4034 et
1501 3969 1599 4035 etism
1614 3968 1711 4035 liber-

560 4077 665 4132 tatum
681 4055 833 4132 Civitatis
848 4075 955 4133 vestre
968 4066 1124 4151 predicte.
1168 4067 1266 4133 Teste
1281 4070 1422 4156 meipso
1444 4072 1532 4158 apud
1546 4063 1711 4160 Wyndes-

561 4171 685 4250 horam,
701 4171 780 4234 xxix
795 4171 847 4235 die
863 4169 1028 4251 Octobris,
1039 4171 1225 4256 annor-egui
1240 4173 1345 4237 nostri
1360 4173 1424 4238 luw.
