<?xml version="1.0" encoding="UTF-8"?>
<!DOCTYPE html PUBLIC "-//W3C//DTD XHTML 1.0 Transitional//EN"
    "http://www.w3.org/TR/xhtml1/DTD/xhtml1-transitional.dtd">
<html xmlns="http://www.w3.org/1999/xhtml" xml:lang="en" lang="en">
 <head>
  <title>
</title>
<meta http-equiv="Content-Type" content="text/html;charset=utf-8" />
  <meta name='ocr-system' content='tesseract 3.04.00' />
  <meta name='ocr-capabilities' content='ocr_page ocr_carea ocr_par ocr_line ocrx_word'/>
</head>
<body>
  <div class='ocr_page' id='page_1' title='image "./deantiquislegib02fitzgoog_0194.png"; bbox 0 0 3898 5022; ppageno 0'>
   <div class='ocr_carea' id='block_1_1' title="bbox 445 543 1138 610">
    <p class='ocr_par' dir='ltr' id='par_1_1' title="bbox 445 543 1138 610">
     <span class='ocr_line' id='line_1_1' title="bbox 445 543 1138 610; baseline -0.007 -1"><span class='ocrx_word' id='word_1_1' title='bbox 445 543 574 610; x_wconf 80' lang='lat' dir='ltr'><strong>clxxxvi</strong></span> <span class='ocrx_word' id='word_1_2' title='bbox 961 560 1138 606; x_wconf 73' lang='lat' dir='ltr'><strong>euoenon.</strong></span> 
     </span>
    </p>
   </div>
   <div class='ocr_carea' id='block_1_2' title="bbox 439 710 1647 3607">
    <p class='ocr_par' dir='ltr' id='par_1_2' title="bbox 441 710 1647 2634">
     <span class='ocr_line' id='line_1_2' title="bbox 446 710 1646 792; baseline -0.007 -16"><span class='ocrx_word' id='word_1_3' title='bbox 446 716 520 776; x_wconf 85' lang='lat' dir='ltr'><strong>Joen</strong></span> <span class='ocrx_word' id='word_1_4' title='bbox 535 717 634 782; x_wconf 84' lang='lat' dir='ltr'><strong>Queen</strong></span> <span class='ocrx_word' id='word_1_5' title='bbox 647 713 681 772; x_wconf 73' lang='lat' dir='ltr'><strong>ot</strong></span> <span class='ocrx_word' id='word_1_6' title='bbox 692 713 834 791; x_wconf 66' lang='lat' dir='ltr'><strong>lingunt,</strong></span> <span class='ocrx_word' id='word_1_7' title='bbox 844 713 910 772; x_wconf 71' lang='lat' dir='ltr'><strong>eiu</strong></span> <span class='ocrx_word' id='word_1_8' title='bbox 925 713 1065 772; x_wconf 76' lang='lat' dir='ltr'><strong>reveniou</strong></span> <span class='ocrx_word' id='word_1_9' title='bbox 1078 713 1112 772; x_wconf 80' lang='lat' dir='ltr'><strong>os</strong></span> <span class='ocrx_word' id='word_1_10' title='bbox 1121 711 1170 772; x_wconf 88' lang='lat' dir='ltr'><strong>the</strong></span> <span class='ocrx_word' id='word_1_11' title='bbox 1182 712 1297 792; x_wconf 81' lang='lat' dir='ltr'><strong>moiety.</strong></span> <span class='ocrx_word' id='word_1_12' title='bbox 1338 719 1355 748; x_wconf 82' lang='lat'><strong>‘⁴</strong></span> <span class='ocrx_word' id='word_1_13' title='bbox 1366 711 1406 770; x_wconf 84' lang='lat' dir='ltr'><strong>Et</strong></span> <span class='ocrx_word' id='word_1_14' title='bbox 1418 711 1536 770; x_wconf 76' lang='lat' dir='ltr'><strong>ulterius</strong></span> <span class='ocrx_word' id='word_1_15' title='bbox 1549 710 1646 770; x_wconf 83' lang='lat' dir='ltr'><strong>dicunt</strong></span> 
     </span>
     <span class='ocr_line' id='line_1_3' title="bbox 444 809 1646 891; baseline -0.005 -19"><span class='ocrx_word' id='word_1_16' title='bbox 444 813 563 891; x_wconf 82' lang='lat' dir='ltr'><strong>predicti</strong></span> <span class='ocrx_word' id='word_1_17' title='bbox 581 811 722 890; x_wconf 66' lang='lat' dir='ltr'><strong>juratores</strong></span> <span class='ocrx_word' id='word_1_18' title='bbox 736 829 820 888; x_wconf 83' lang='lat' dir='ltr'><strong>euper</strong></span> <span class='ocrx_word' id='word_1_19' title='bbox 833 819 1039 869; x_wconf 68' lang='lat' dir='ltr'><strong>adrumentum</strong></span> <span class='ocrx_word' id='word_1_20' title='bbox 1052 829 1135 868; x_wconf 87' lang='lat' dir='ltr'><strong>euum</strong></span> <span class='ocrx_word' id='word_1_21' title='bbox 1148 809 1225 888; x_wconf 89' lang='lat' dir='ltr'><strong>quod</strong></span> <span class='ocrx_word' id='word_1_22' title='bbox 1237 809 1313 886; x_wconf 87' lang='lat' dir='ltr'><strong>prior</strong></span> <span class='ocrx_word' id='word_1_23' title='bbox 1326 816 1355 867; x_wconf 89' lang='lat' dir='ltr'><strong>et</strong></span> <span class='ocrx_word' id='word_1_24' title='bbox 1368 819 1521 868; x_wconf 77' lang='lat' dir='ltr'><strong>eontentne</strong></span> <span class='ocrx_word' id='word_1_25' title='bbox 1534 827 1646 867; x_wconf 79' lang='lat' dir='ltr'><strong>mones·</strong></span> 
     </span>
     <span class='ocr_line' id='line_1_4' title="bbox 444 907 1647 984; baseline -0.004 -15"><span class='ocrx_word' id='word_1_26' title='bbox 444 913 507 970; x_wconf 81' lang='lat' dir='ltr'><strong>terii</strong></span> <span class='ocrx_word' id='word_1_27' title='bbox 522 912 582 969; x_wconf 83' lang='lat' dir='ltr'><strong>eive</strong></span> <span class='ocrx_word' id='word_1_28' title='bbox 597 910 742 969; x_wconf 76' lang='lat' dir='ltr'><strong>Prioretue</strong></span> <span class='ocrx_word' id='word_1_29' title='bbox 758 907 854 968; x_wconf 85' lang='lat' dir='ltr'><strong>Senoti</strong></span> <span class='ocrx_word' id='word_1_30' title='bbox 866 909 1008 968; x_wconf 77' lang='lat' dir='ltr'><strong>Pancratii</strong></span> <span class='ocrx_word' id='word_1_31' title='bbox 1022 909 1057 966; x_wconf 91' lang='lat' dir='ltr'><strong>de</strong></span> <span class='ocrx_word' id='word_1_32' title='bbox 1068 908 1164 966; x_wconf 69' lang='lat' dir='ltr'><strong>lewes</strong></span> <span class='ocrx_word' id='word_1_33' title='bbox 1179 917 1245 966; x_wconf 82' lang='lat' dir='ltr'><strong>eunt</strong></span> <span class='ocrx_word' id='word_1_34' title='bbox 1258 907 1342 966; x_wconf 83' lang='lat' dir='ltr'><strong>seieiti</strong></span> <span class='ocrx_word' id='word_1_35' title='bbox 1357 916 1386 965; x_wconf 87' lang='lat' dir='ltr'><strong>et</strong></span> <span class='ocrx_word' id='word_1_36' title='bbox 1399 907 1605 984; x_wconf 75' lang='lat' dir='ltr'><strong>poeeeeeiomd,</strong></span> <span class='ocrx_word' id='word_1_37' title='bbox 1618 913 1647 964; x_wconf 90' lang='lat' dir='ltr'><strong>et</strong></span> 
     </span>
     <span class='ocr_line' id='line_1_5' title="bbox 444 1001 1647 1082; baseline -0.002 -18"><span class='ocrx_word' id='word_1_38' title='bbox 444 1025 542 1064; x_wconf 69' lang='lat' dir='ltr'><strong>omnes</strong></span> <span class='ocrx_word' id='word_1_39' title='bbox 556 1005 768 1082; x_wconf 80' lang='lat' dir='ltr'><strong>pnedeoerooree</strong></span> <span class='ocrx_word' id='word_1_40' title='bbox 780 1005 897 1082; x_wconf 81' lang='lat' dir='ltr'>predicti</span> <span class='ocrx_word' id='word_1_41' title='bbox 914 1005 1014 1082; x_wconf 75' lang='lat' dir='ltr'><strong>prioris</strong></span> <span class='ocrx_word' id='word_1_42' title='bbox 1028 1005 1082 1062; x_wconf 87' lang='lat' dir='ltr'><strong>iooi</strong></span> <span class='ocrx_word' id='word_1_43' title='bbox 1102 1003 1219 1080; x_wconf 75' lang='lat' dir='ltr'><strong>predicti</strong></span> <span class='ocrx_word' id='word_1_44' title='bbox 1233 1005 1306 1062; x_wconf 75' lang='lat' dir='ltr'><strong>deut</strong></span> <span class='ocrx_word' id='word_1_45' title='bbox 1318 1003 1347 1060; x_wconf 91' lang='lat' dir='ltr'><strong>in</strong></span> <span class='ocrx_word' id='word_1_46' title='bbox 1363 1001 1429 1078; x_wconf 83' lang='lat' dir='ltr'><strong>jure</strong></span> <span class='ocrx_word' id='word_1_47' title='bbox 1442 1003 1604 1064; x_wconf 74' lang='lat' dir='ltr'><strong>monosterii</strong></span> <span class='ocrx_word' id='word_1_48' title='bbox 1617 1009 1647 1061; x_wconf 90' lang='lat' dir='ltr'><strong>et</strong></span> 
     </span>
     <span class='ocr_line' id='line_1_6' title="bbox 444 1097 1647 1179; baseline -0.005 -19"><span class='ocrx_word' id='word_1_49' title='bbox 444 1102 498 1160; x_wconf 87' lang='lat' dir='ltr'><strong>looi</strong></span> <span class='ocrx_word' id='word_1_50' title='bbox 523 1101 641 1179; x_wconf 82' lang='lat' dir='ltr'><strong>predicti</strong></span> <span class='ocrx_word' id='word_1_51' title='bbox 665 1119 683 1158; x_wconf 85' lang='lat' dir='ltr'><strong>e</strong></span> <span class='ocrx_word' id='word_1_52' title='bbox 704 1109 828 1177; x_wconf 85' lang='lat' dir='ltr'><strong>tempore</strong></span> <span class='ocrx_word' id='word_1_53' title='bbox 850 1101 930 1177; x_wconf 77' lang='lat' dir='ltr'><strong>eujus</strong></span> <span class='ocrx_word' id='word_1_54' title='bbox 955 1100 1125 1158; x_wconf 76' lang='lat' dir='ltr'><strong>eontrarium</strong></span> <span class='ocrx_word' id='word_1_55' title='bbox 1147 1099 1281 1156; x_wconf 80' lang='lat' dir='ltr'><strong>memorie</strong></span> <span class='ocrx_word' id='word_1_56' title='bbox 1303 1097 1449 1156; x_wconf 87' lang='lat' dir='ltr'><strong>hominum</strong></span> <span class='ocrx_word' id='word_1_57' title='bbox 1472 1118 1529 1156; x_wconf 89' lang='lat' dir='ltr'><strong>non</strong></span> <span class='ocrx_word' id='word_1_58' title='bbox 1550 1097 1647 1156; x_wconf 72' lang='lat' dir='ltr'><strong>exurit</strong></span> 
     </span>
     <span class='ocr_line' id='line_1_7' title="bbox 443 1192 1646 1273; baseline -0.005 -17"><span class='ocrx_word' id='word_1_59' title='bbox 443 1197 558 1256; x_wconf 77' lang='lat' dir='ltr'><strong>fuerunt</strong></span> <span class='ocrx_word' id='word_1_60' title='bbox 580 1196 666 1254; x_wconf 82' lang='lat' dir='ltr'><strong>eeieiti</strong></span> <span class='ocrx_word' id='word_1_61' title='bbox 687 1203 716 1253; x_wconf 88' lang='lat' dir='ltr'><strong>et</strong></span> <span class='ocrx_word' id='word_1_62' title='bbox 733 1197 939 1273; x_wconf 63' lang='lat' dir='ltr'><strong>possessionen,</strong></span> <span class='ocrx_word' id='word_1_63' title='bbox 953 1195 987 1252; x_wconf 92' lang='lat' dir='ltr'><strong>de</strong></span> <span class='ocrx_word' id='word_1_64' title='bbox 1000 1194 1188 1272; x_wconf 65' lang='lat' dir='ltr'><strong>quodraginta</strong></span> <span class='ocrx_word' id='word_1_65' title='bbox 1202 1193 1298 1252; x_wconf 85' lang='lat' dir='ltr'><strong>eolidie</strong></span> <span class='ocrx_word' id='word_1_66' title='bbox 1312 1193 1413 1251; x_wconf 84' lang='lat' dir='ltr'><strong>ennuie</strong></span> <span class='ocrx_word' id='word_1_67' title='bbox 1433 1192 1598 1252; x_wconf 78' lang='lat' dir='ltr'><strong>exetmtnhue</strong></span> <span class='ocrx_word' id='word_1_68' title='bbox 1611 1193 1646 1250; x_wconf 91' lang='lat' dir='ltr'><strong>de</strong></span> 
     </span>
     <span class='ocr_line' id='line_1_8' title="bbox 444 1290 1645 1372; baseline -0.003 -20"><span class='ocrx_word' id='word_1_69' title='bbox 444 1295 523 1354; x_wconf 77' lang='lat' dir='ltr'><strong>eurio</strong></span> <span class='ocrx_word' id='word_1_70' title='bbox 534 1293 569 1352; x_wconf 91' lang='lat' dir='ltr'><strong>de</strong></span> <span class='ocrx_word' id='word_1_71' title='bbox 583 1293 769 1372; x_wconf 71' lang='lat' dir='ltr'><strong>Heochynge,</strong></span> <span class='ocrx_word' id='word_1_72' title='bbox 780 1301 880 1352; x_wconf 83' lang='lat' dir='ltr'><strong>voeetn</strong></span> <span class='ocrx_word' id='word_1_73' title='bbox 890 1290 1088 1362; x_wconf 83' lang='lat' dir='ltr'><strong>Netherhowe,</strong></span> <span class='ocrx_word' id='word_1_74' title='bbox 1096 1311 1161 1350; x_wconf 87' lang='lat' dir='ltr'><strong>oum</strong></span> <span class='ocrx_word' id='word_1_75' title='bbox 1174 1290 1349 1368; x_wconf 83' lang='lat' dir='ltr'><strong>pertinentiis</strong></span> <span class='ocrx_word' id='word_1_76' title='bbox 1363 1291 1430 1360; x_wconf 77' lang='lat' dir='ltr'><strong>ouis,</strong></span> <span class='ocrx_word' id='word_1_77' title='bbox 1438 1290 1564 1349; x_wconf 86' lang='lat' dir='ltr'><strong>membro</strong></span> <span class='ocrx_word' id='word_1_78' title='bbox 1579 1291 1645 1348; x_wconf 87' lang='lat' dir='ltr'><strong>dioti</strong></span> 
     </span>
     <span class='ocr_line' id='line_1_9' title="bbox 443 1385 1646 1465; baseline -0.003 -17"><span class='ocrx_word' id='word_1_79' title='bbox 443 1391 560 1448; x_wconf 79' lang='lat' dir='ltr'><strong>menetii</strong></span> <span class='ocrx_word' id='word_1_80' title='bbox 582 1389 617 1448; x_wconf 89' lang='lat' dir='ltr'><strong>de</strong></span> <span class='ocrx_word' id='word_1_81' title='bbox 639 1389 801 1465; x_wconf 85' lang='lat' dir='ltr'><strong>Plumpton‚</strong></span> <span class='ocrx_word' id='word_1_82' title='bbox 823 1389 969 1448; x_wconf 81' lang='lat' dir='ltr'><strong>ennuntim</strong></span> <span class='ocrx_word' id='word_1_83' title='bbox 987 1389 1023 1446; x_wconf 83' lang='lat' dir='ltr'><strong>od</strong></span> <span class='ocrx_word' id='word_1_84' title='bbox 1043 1388 1118 1447; x_wconf 80' lang='lat' dir='ltr'><strong>feste</strong></span> <span class='ocrx_word' id='word_1_85' title='bbox 1132 1386 1241 1446; x_wconf 84' lang='lat' dir='ltr'><strong>Peeche</strong></span> <span class='ocrx_word' id='word_1_86' title='bbox 1262 1395 1291 1446; x_wconf 84' lang='lat' dir='ltr'><strong>et</strong></span> <span class='ocrx_word' id='word_1_87' title='bbox 1314 1385 1410 1444; x_wconf 77' lang='lat' dir='ltr'><strong>Sancti</strong></span> <span class='ocrx_word' id='word_1_88' title='bbox 1425 1385 1575 1445; x_wconf 72' lang='lat' dir='ltr'>Michaelis</span> <span class='ocrx_word' id='word_1_89' title='bbox 1595 1405 1646 1464; x_wconf 91' lang='lat' dir='ltr'><strong>per</strong></span> 
     </span>
     <span class='ocr_line' id='line_1_10' title="bbox 443 1481 1645 1562; baseline -0.003 -16"><span class='ocrx_word' id='word_1_90' title='bbox 443 1485 557 1562; x_wconf 75' lang='lat' dir='ltr'><strong>equolee</strong></span> <span class='ocrx_word' id='word_1_91' title='bbox 571 1484 715 1562; x_wconf 73' lang='lat' dir='ltr'><strong>porciones</strong></span> <span class='ocrx_word' id='word_1_92' title='bbox 729 1484 942 1562; x_wconf 50' lang='lat' dir='ltr'><strong>percipiendis?</strong></span> <span class='ocrx_word' id='word_1_93' title='bbox 973 1484 1036 1543; x_wconf 89' lang='lat' dir='ltr'><strong>The</strong></span> <span class='ocrx_word' id='word_1_94' title='bbox 1048 1483 1152 1542; x_wconf 78' lang='lat' dir='ltr'><strong>ennunl</strong></span> <span class='ocrx_word' id='word_1_95' title='bbox 1164 1483 1246 1541; x_wconf 82' lang='lat' dir='ltr'><strong>velue</strong></span> <span class='ocrx_word' id='word_1_96' title='bbox 1259 1482 1293 1540; x_wconf 83' lang='lat' dir='ltr'><strong>of</strong></span> <span class='ocrx_word' id='word_1_97' title='bbox 1304 1481 1457 1559; x_wconf 82' lang='lat' dir='ltr'><strong>Plumpton</strong></span> <span class='ocrx_word' id='word_1_98' title='bbox 1470 1483 1582 1562; x_wconf 79' lang='lat' dir='ltr'><strong>beyond</strong></span> <span class='ocrx_word' id='word_1_99' title='bbox 1594 1481 1645 1542; x_wconf 86' lang='lat' dir='ltr'><strong>the</strong></span> 
     </span>
     <span class='ocr_line' id='line_1_11' title="bbox 443 1579 1644 1660; baseline 0 -19"><span class='ocrx_word' id='word_1_100' title='bbox 443 1583 503 1641; x_wconf 81' lang='lat' dir='ltr'><strong>trid</strong></span> <span class='ocrx_word' id='word_1_101' title='bbox 523 1591 594 1652; x_wconf 78' lang='lat' dir='ltr'><strong>rent,</strong></span> <span class='ocrx_word' id='word_1_102' title='bbox 615 1582 708 1650; x_wconf 52' lang='lat'><strong>20&amp;</strong></span> <span class='ocrx_word' id='word_1_103' title='bbox 736 1582 884 1652; x_wconf 72' lang='lat' dir='ltr'><strong>Bucotnh,</strong></span> <span class='ocrx_word' id='word_1_104' title='bbox 898 1582 992 1650; x_wconf 78' lang='lat' dir='ltr'><strong>201i·t</strong></span> <span class='ocrx_word' id='word_1_105' title='bbox 1030 1581 1167 1660; x_wconf 74' lang='lat' dir='ltr'><strong>Berlyng‚</strong></span> <span class='ocrx_word' id='word_1_106' title='bbox 1188 1582 1224 1639; x_wconf 86' lang='lat'><strong>10</strong></span> <span class='ocrx_word' id='word_1_107' title='bbox 1232 1581 1264 1640; x_wconf 84' lang='lat' dir='ltr'><strong>li.</strong></span> <span class='ocrx_word' id='word_1_108' title='bbox 1306 1579 1354 1640; x_wconf 92' lang='lat' dir='ltr'><strong>On</strong></span> <span class='ocrx_word' id='word_1_109' title='bbox 1374 1579 1423 1639; x_wconf 84' lang='lat' dir='ltr'><strong>the</strong></span> <span class='ocrx_word' id='word_1_110' title='bbox 1443 1601 1519 1640; x_wconf 68' lang='lat' dir='ltr'><strong>nme</strong></span> <span class='ocrx_word' id='word_1_111' title='bbox 1539 1582 1595 1660; x_wconf 80' lang='lat' dir='ltr'><strong>dny</strong></span> <span class='ocrx_word' id='word_1_112' title='bbox 1609 1601 1644 1641; x_wconf 78' lang='lat' dir='ltr'><strong>en</strong></span> 
     </span>
     <span class='ocr_line' id='line_1_12' title="bbox 442 1678 1642 1759; baseline -0.002 -19"><span class='ocrx_word' id='word_1_113' title='bbox 442 1681 673 1758; x_wconf 67' lang='lat' dir='ltr'><strong>inquisitionum</strong></span> <span class='ocrx_word' id='word_1_114' title='bbox 695 1680 779 1739; x_wconf 79' lang='lat' dir='ltr'><strong>tehen</strong></span> <span class='ocrx_word' id='word_1_115' title='bbox 800 1689 830 1740; x_wconf 82' lang='lat' dir='ltr'><strong>et</strong></span> <span class='ocrx_word' id='word_1_116' title='bbox 843 1681 944 1759; x_wconf 82' lang='lat' dir='ltr'><strong>Derby</strong></span> <span class='ocrx_word' id='word_1_117' title='bbox 958 1678 1055 1738; x_wconf 79' lang='lat' dir='ltr'><strong>before</strong></span> <span class='ocrx_word' id='word_1_118' title='bbox 1068 1678 1145 1738; x_wconf 90' lang='lat' dir='ltr'><strong>John</strong></span> <span class='ocrx_word' id='word_1_119' title='bbox 1161 1679 1288 1750; x_wconf 80' lang='lat' dir='ltr'><strong>Curzon,</strong></span> <span class='ocrx_word' id='word_1_120' title='bbox 1308 1678 1461 1748; x_wconf 85' lang='lat' dir='ltr'><strong>eeoheetor‚</strong></span> <span class='ocrx_word' id='word_1_121' title='bbox 1484 1679 1576 1738; x_wconf 80' lang='lat' dir='ltr'>which</span> <span class='ocrx_word' id='word_1_122' title='bbox 1597 1681 1642 1738; x_wconf 89' lang='lat' dir='ltr'><strong>de·</strong></span> 
     </span>
     <span class='ocr_line' id='line_1_13' title="bbox 442 1775 1644 1858; baseline -0.001 -20"><span class='ocrx_word' id='word_1_123' title='bbox 442 1779 547 1838; x_wconf 76' lang='lat' dir='ltr'><strong>scribet</strong></span> <span class='ocrx_word' id='word_1_124' title='bbox 561 1779 609 1838; x_wconf 88' lang='lat' dir='ltr'><strong>the</strong></span> <span class='ocrx_word' id='word_1_125' title='bbox 622 1799 698 1838; x_wconf 80' lang='lat' dir='ltr'><strong>teme</strong></span> <span class='ocrx_word' id='word_1_126' title='bbox 711 1780 814 1856; x_wconf 77' lang='lat' dir='ltr'><strong>pordes</strong></span> <span class='ocrx_word' id='word_1_127' title='bbox 827 1797 858 1838; x_wconf 83' lang='lat' dir='ltr'><strong>ee</strong></span> <span class='ocrx_word' id='word_1_128' title='bbox 872 1777 1026 1858; x_wconf 83' lang='lat' dir='ltr'><strong>oonjointly</strong></span> <span class='ocrx_word' id='word_1_129' title='bbox 1041 1775 1133 1835; x_wconf 83' lang='lat' dir='ltr'><strong>eeined</strong></span> <span class='ocrx_word' id='word_1_130' title='bbox 1147 1775 1180 1834; x_wconf 82' lang='lat' dir='ltr'><strong>of</strong></span> <span class='ocrx_word' id='word_1_131' title='bbox 1198 1778 1265 1835; x_wconf 69' lang='lat'><strong>202.</strong></span> <span class='ocrx_word' id='word_1_132' title='bbox 1280 1785 1343 1834; x_wconf 88' lang='lat' dir='ltr'><strong>rent</strong></span> <span class='ocrx_word' id='word_1_133' title='bbox 1356 1777 1385 1834; x_wconf 88' lang='lat' dir='ltr'><strong>in</strong></span> <span class='ocrx_word' id='word_1_134' title='bbox 1401 1776 1575 1856; x_wconf 82' lang='lat' dir='ltr'><strong>Aylweeton‚</strong></span> <span class='ocrx_word' id='word_1_135' title='bbox 1588 1777 1644 1837; x_wconf 82' lang='lat' dir='ltr'><strong>end</strong></span> 
     </span>
     <span class='ocr_line' id='line_1_14' title="bbox 444 1873 1645 1954; baseline -0.002 -18"><span class='ocrx_word' id='word_1_136' title='bbox 444 1877 611 1946; x_wconf 75' lang='lat' dir='ltr'><strong>Ambuston,</strong></span> <span class='ocrx_word' id='word_1_137' title='bbox 626 1877 683 1936; x_wconf 84' lang='lat' dir='ltr'><strong>end</strong></span> <span class='ocrx_word' id='word_1_138' title='bbox 695 1877 850 1946; x_wconf 69' lang='lat' dir='ltr'><strong>Aloustou,</strong></span> <span class='ocrx_word' id='word_1_139' title='bbox 864 1877 893 1934; x_wconf 89' lang='lat' dir='ltr'><strong>in</strong></span> <span class='ocrx_word' id='word_1_140' title='bbox 908 1876 957 1934; x_wconf 89' lang='lat' dir='ltr'><strong>the</strong></span> <span class='ocrx_word' id='word_1_141' title='bbox 970 1885 1073 1953; x_wconf 82' lang='lat' dir='ltr'><strong>county</strong></span> <span class='ocrx_word' id='word_1_142' title='bbox 1084 1874 1118 1932; x_wconf 81' lang='lat' dir='ltr'><strong>of</strong></span> <span class='ocrx_word' id='word_1_143' title='bbox 1128 1874 1237 1954; x_wconf 80' lang='lat' dir='ltr'><strong>Derhy,</strong></span> <span class='ocrx_word' id='word_1_144' title='bbox 1249 1873 1305 1932; x_wconf 83' lang='lat' dir='ltr'><strong>end</strong></span> <span class='ocrx_word' id='word_1_145' title='bbox 1319 1873 1353 1932; x_wconf 80' lang='lat' dir='ltr'><strong>oi</strong></span> <span class='ocrx_word' id='word_1_146' title='bbox 1362 1874 1455 1932; x_wconf 77' lang='lat' dir='ltr'><strong>divers</strong></span> <span class='ocrx_word' id='word_1_147' title='bbox 1468 1875 1531 1932; x_wconf 83' lang='lat' dir='ltr'><strong>fiefe</strong></span> <span class='ocrx_word' id='word_1_148' title='bbox 1544 1875 1645 1933; x_wconf 85' lang='lat' dir='ltr'><strong>under·</strong></span> 
     </span>
     <span class='ocr_line' id='line_1_15' title="bbox 441 1970 1644 2053; baseline 0 -21"><span class='ocrx_word' id='word_1_149' title='bbox 441 1974 560 2042; x_wconf 65' lang='lat' dir='ltr'><strong>written</strong></span> <span class='ocrx_word' id='word_1_150' title='bbox 571 1993 603 2034; x_wconf 81' lang='lat' dir='ltr'><strong>ee</strong></span> <span class='ocrx_word' id='word_1_151' title='bbox 616 1973 724 2050; x_wconf 78' lang='lat' dir='ltr'><strong>peroele</strong></span> <span class='ocrx_word' id='word_1_152' title='bbox 734 1974 768 2032; x_wconf 78' lang='lat' dir='ltr'><strong>oi</strong></span> <span class='ocrx_word' id='word_1_153' title='bbox 777 1974 826 2034; x_wconf 86' lang='lat' dir='ltr'><strong>the</strong></span> <span class='ocrx_word' id='word_1_154' title='bbox 835 1993 947 2034; x_wconf 78' lang='lat' dir='ltr'><strong>menore</strong></span> <span class='ocrx_word' id='word_1_155' title='bbox 959 1973 993 2032; x_wconf 79' lang='lat' dir='ltr'><strong>of</strong></span> <span class='ocrx_word' id='word_1_156' title='bbox 1005 1972 1138 2033; x_wconf 78' lang='lat' dir='ltr'><strong>Shelford</strong></span> <span class='ocrx_word' id='word_1_157' title='bbox 1147 1970 1204 2030; x_wconf 83' lang='lat' dir='ltr'><strong>end</strong></span> <span class='ocrx_word' id='word_1_158' title='bbox 1219 1971 1425 2041; x_wconf 81' lang='lat' dir='ltr'><strong>Stokeberdoli,</strong></span> <span class='ocrx_word' id='word_1_159' title='bbox 1440 1972 1470 2030; x_wconf 92' lang='lat' dir='ltr'><strong>in</strong></span> <span class='ocrx_word' id='word_1_160' title='bbox 1480 1972 1529 2032; x_wconf 88' lang='lat' dir='ltr'><strong>the</strong></span> <span class='ocrx_word' id='word_1_161' title='bbox 1539 1983 1644 2053; x_wconf 80' lang='lat' dir='ltr'><strong>county</strong></span> 
     </span>
     <span class='ocr_line' id='line_1_16' title="bbox 441 2067 1645 2151; baseline 0.001 -22"><span class='ocrx_word' id='word_1_162' title='bbox 441 2071 475 2129; x_wconf 69' lang='grc' dir='ltr'><strong>οἱ·</strong></span> <span class='ocrx_word' id='word_1_163' title='bbox 494 2071 691 2148; x_wconf 81' lang='lat' dir='ltr'><strong>Nottinghem,</strong></span> <span class='ocrx_word' id='word_1_164' title='bbox 705 2071 824 2151; x_wconf 84' lang='lat' dir='ltr'><strong>nemeiy,</strong></span> <span class='ocrx_word' id='word_1_165' title='bbox 847 2091 901 2130; x_wconf 88' lang='lat' dir='ltr'><strong>one</strong></span> <span class='ocrx_word' id='word_1_166' title='bbox 924 2071 976 2129; x_wconf 82' lang='lat' dir='ltr'><strong>fief</strong></span> <span class='ocrx_word' id='word_1_167' title='bbox 993 2071 1023 2128; x_wconf 91' lang='lat' dir='ltr'><strong>in</strong></span> <span class='ocrx_word' id='word_1_168' title='bbox 1038 2069 1214 2147; x_wconf 77' lang='lat' dir='ltr'><strong>Aylweeton‚</strong></span> <span class='ocrx_word' id='word_1_169' title='bbox 1229 2067 1321 2128; x_wconf 72' lang='lat' dir='ltr'><strong>which</strong></span> <span class='ocrx_word' id='word_1_170' title='bbox 1337 2069 1385 2128; x_wconf 83' lang='lat' dir='ltr'><strong>sir</strong></span> <span class='ocrx_word' id='word_1_171' title='bbox 1399 2069 1524 2129; x_wconf 75' lang='lat' dir='ltr'><strong>Thomu</strong></span> <span class='ocrx_word' id='word_1_172' title='bbox 1539 2072 1645 2130; x_wconf 87' lang='lat' dir='ltr'><strong>Blount</strong></span> 
     </span>
     <span class='ocr_line' id='line_1_17' title="bbox 441 2167 1644 2248; baseline 0.002 -23"><span class='ocrx_word' id='word_1_173' title='bbox 441 2168 543 2246; x_wconf 78' lang='lat' dir='ltr'><strong>height</strong></span> <span class='ocrx_word' id='word_1_174' title='bbox 559 2169 652 2237; x_wconf 73' lang='lat' dir='ltr'><strong>holds,</strong></span> <span class='ocrx_word' id='word_1_175' title='bbox 666 2169 736 2237; x_wconf 52' lang='lat'><strong>5&amp;</strong></span> <span class='ocrx_word' id='word_1_176' title='bbox 756 2170 874 2227; x_wconf 76' lang='lat' dir='ltr'><strong>another</strong></span> <span class='ocrx_word' id='word_1_177' title='bbox 890 2169 943 2226; x_wconf 76' lang='lat' dir='ltr'><strong>fles</strong></span> <span class='ocrx_word' id='word_1_178' title='bbox 959 2170 987 2226; x_wconf 92' lang='lat' dir='ltr'><strong>in</strong></span> <span class='ocrx_word' id='word_1_179' title='bbox 1007 2168 1056 2226; x_wconf 90' lang='lat' dir='ltr'><strong>the</strong></span> <span class='ocrx_word' id='word_1_180' title='bbox 1070 2187 1156 2234; x_wconf 69' lang='lat' dir='ltr'><strong>nme,</strong></span> <span class='ocrx_word' id='word_1_181' title='bbox 1170 2167 1237 2225; x_wconf 83' lang='lat' dir='ltr'><strong>held</strong></span> <span class='ocrx_word' id='word_1_182' title='bbox 1256 2168 1296 2245; x_wconf 84' lang='lat' dir='ltr'><strong>by</strong></span> <span class='ocrx_word' id='word_1_183' title='bbox 1310 2167 1358 2226; x_wconf 87' lang='lat' dir='ltr'><strong>the</strong></span> <span class='ocrx_word' id='word_1_184' title='bbox 1377 2168 1463 2226; x_wconf 86' lang='lat' dir='ltr'><strong>ebbot</strong></span> <span class='ocrx_word' id='word_1_185' title='bbox 1476 2168 1510 2225; x_wconf 81' lang='lat' dir='ltr'><strong>of</strong></span> <span class='ocrx_word' id='word_1_186' title='bbox 1526 2169 1644 2248; x_wconf 78' lang='lat' dir='ltr'><strong>Derley,</strong></span> 
     </span>
     <span class='ocr_line' id='line_1_18' title="bbox 441 2263 1643 2344; baseline 0 -20"><span class='ocrx_word' id='word_1_187' title='bbox 441 2265 515 2336; x_wconf 75' lang='lat' dir='ltr'><strong>tti.;</strong></span> <span class='ocrx_word' id='word_1_188' title='bbox 542 2272 597 2323; x_wconf 85' lang='lat' dir='ltr'><strong>two</strong></span> <span class='ocrx_word' id='word_1_189' title='bbox 618 2263 681 2322; x_wconf 81' lang='lat' dir='ltr'><strong>fiefe</strong></span> <span class='ocrx_word' id='word_1_190' title='bbox 702 2265 731 2324; x_wconf 91' lang='lat' dir='ltr'><strong>in</strong></span> <span class='ocrx_word' id='word_1_191' title='bbox 753 2263 801 2326; x_wconf 79' lang='lat' dir='ltr'><strong>the</strong></span> <span class='ocrx_word' id='word_1_192' title='bbox 825 2283 911 2335; x_wconf 82' lang='lat' dir='ltr'><strong>seme,</strong></span> <span class='ocrx_word' id='word_1_193' title='bbox 925 2264 992 2324; x_wconf 86' lang='lat' dir='ltr'><strong>held</strong></span> <span class='ocrx_word' id='word_1_194' title='bbox 1011 2265 1051 2344; x_wconf 77' lang='lat' dir='ltr'><strong>by</strong></span> <span class='ocrx_word' id='word_1_195' title='bbox 1066 2264 1150 2322; x_wconf 81' lang='lat' dir='ltr'><strong>Peter</strong></span> <span class='ocrx_word' id='word_1_196' title='bbox 1167 2264 1350 2334; x_wconf 84' lang='lat' dir='ltr'><strong>Frecheville,</strong></span> <span class='ocrx_word' id='word_1_197' title='bbox 1370 2264 1448 2335; x_wconf 78' lang='lat' dir='ltr'><strong>5h&#39;.;</strong></span> <span class='ocrx_word' id='word_1_198' title='bbox 1473 2283 1526 2324; x_wconf 88' lang='lat' dir='ltr'><strong>one</strong></span> <span class='ocrx_word' id='word_1_199' title='bbox 1546 2267 1598 2324; x_wconf 79' lang='lat' dir='ltr'><strong>flet</strong></span> <span class='ocrx_word' id='word_1_200' title='bbox 1614 2267 1643 2324; x_wconf 86' lang='lat' dir='ltr'><strong>in</strong></span> 
     </span>
     <span class='ocr_line' id='line_1_19' title="bbox 445 2359 1644 2442; baseline 0.002 -21"><span class='ocrx_word' id='word_1_201' title='bbox 445 2362 598 2430; x_wconf 82' lang='lat' dir='ltr'><strong>Aiweeton,</strong></span> <span class='ocrx_word' id='word_1_202' title='bbox 612 2362 678 2421; x_wconf 90' lang='lat' dir='ltr'><strong>held</strong></span> <span class='ocrx_word' id='word_1_203' title='bbox 691 2361 787 2442; x_wconf 78' lang='lat' dir='ltr'><strong>hythe</strong></span> <span class='ocrx_word' id='word_1_204' title='bbox 800 2363 885 2420; x_wconf 81' lang='lat' dir='ltr'><strong>abhot</strong></span> <span class='ocrx_word' id='word_1_205' title='bbox 899 2363 933 2421; x_wconf 83' lang='lat' dir='ltr'><strong>of</strong></span> <span class='ocrx_word' id='word_1_206' title='bbox 951 2361 1035 2432; x_wconf 85' lang='lat' dir='ltr'><strong>Dule,</strong></span> <span class='ocrx_word' id='word_1_207' title='bbox 1050 2361 1125 2429; x_wconf 73' lang='lat' dir='ltr'><strong>51t;</strong></span> <span class='ocrx_word' id='word_1_208' title='bbox 1146 2359 1201 2418; x_wconf 84' lang='lat' dir='ltr'><strong>end</strong></span> <span class='ocrx_word' id='word_1_209' title='bbox 1215 2380 1268 2420; x_wconf 89' lang='lat' dir='ltr'><strong>one</strong></span> <span class='ocrx_word' id='word_1_210' title='bbox 1282 2361 1334 2420; x_wconf 79' lang='lat' dir='ltr'><strong>fiet</strong></span> <span class='ocrx_word' id='word_1_211' title='bbox 1348 2361 1377 2420; x_wconf 88' lang='lat' dir='ltr'><strong>in</strong></span> <span class='ocrx_word' id='word_1_212' title='bbox 1393 2362 1563 2433; x_wconf 85' lang='lat' dir='ltr'><strong>Ambeeton,</strong></span> <span class='ocrx_word' id='word_1_213' title='bbox 1577 2362 1644 2424; x_wconf 90' lang='lat' dir='ltr'><strong>held</strong></span> 
     </span>
     <span class='ocr_line' id='line_1_20' title="bbox 441 2458 1643 2538; baseline 0.001 -18"><span class='ocrx_word' id='word_1_214' title='bbox 441 2460 480 2538; x_wconf 81' lang='lat' dir='ltr'><strong>by</strong></span> <span class='ocrx_word' id='word_1_215' title='bbox 496 2459 624 2520; x_wconf 78' lang='lat' dir='ltr'><strong>Richord</strong></span> <span class='ocrx_word' id='word_1_216' title='bbox 638 2460 741 2530; x_wconf 64' lang='lat' dir='ltr'><strong>Seuer,</strong></span> <span class='ocrx_word' id='word_1_217' title='bbox 757 2459 866 2520; x_wconf 87' lang='lat' dir='ltr'><strong>Rohert</strong></span> <span class='ocrx_word' id='word_1_218' title='bbox 886 2459 1018 2538; x_wconf 77' lang='lat' dir='ltr'><strong>Smellep,</strong></span> <span class='ocrx_word' id='word_1_219' title='bbox 1039 2459 1096 2520; x_wconf 86' lang='lat' dir='ltr'><strong>ond</strong></span> <span class='ocrx_word' id='word_1_220' title='bbox 1117 2458 1223 2530; x_wconf 87' lang='lat' dir='ltr'><strong>othere,</strong></span> <span class='ocrx_word' id='word_1_221' title='bbox 1236 2458 1295 2520; x_wconf 69' lang='lat'><strong>515.</strong></span> <span class='ocrx_word' id='word_1_222' title='bbox 1317 2461 1368 2518; x_wconf 69' lang='lat' dir='ltr'><strong>de.</strong></span> <span class='ocrx_word' id='word_1_223' title='bbox 1381 2459 1455 2518; x_wconf 85' lang='lat' dir='ltr'><strong>their</strong></span> <span class='ocrx_word' id='word_1_224' title='bbox 1468 2462 1549 2520; x_wconf 84' lang='lat' dir='ltr'><strong>velue</strong></span> <span class='ocrx_word' id='word_1_225' title='bbox 1562 2463 1643 2522; x_wconf 82' lang='lat' dir='ltr'><strong>when</strong></span> 
     </span>
     <span class='ocr_line' id='line_1_21' title="bbox 441 2555 625 2634; baseline 0 -20"><span class='ocrx_word' id='word_1_226' title='bbox 441 2556 510 2634; x_wconf 86' lang='lat' dir='ltr'><strong>they</strong></span> <span class='ocrx_word' id='word_1_227' title='bbox 522 2555 573 2615; x_wconf 79' lang='lat' dir='ltr'><strong>tell</strong></span> <span class='ocrx_word' id='word_1_228' title='bbox 586 2556 625 2614; x_wconf 88' lang='lat' dir='ltr'><strong>in.</strong></span> 
     </span>
    </p>

    <p class='ocr_par' dir='ltr' id='par_1_3' title="bbox 439 2651 1645 3607">
     <span class='ocr_line' id='line_1_22' title="bbox 484 2651 1644 2731; baseline 0.001 -17"><span class='ocrx_word' id='word_1_229' title='bbox 484 2656 512 2714; x_wconf 86' lang='grc' dir='ltr'>Α</span> <span class='ocrx_word' id='word_1_230' title='bbox 527 2651 641 2711; x_wconf 85' lang='lat' dir='ltr'><strong>eeventh</strong></span> <span class='ocrx_word' id='word_1_231' title='bbox 663 2653 825 2730; x_wconf 81' lang='lat' dir='ltr'><strong>inquisition</strong></span> <span class='ocrx_word' id='word_1_232' title='bbox 840 2671 896 2711; x_wconf 81' lang='lat' dir='ltr'><strong>wne</strong></span> <span class='ocrx_word' id='word_1_233' title='bbox 917 2651 1003 2711; x_wconf 78' lang='lat' dir='ltr'><strong>tehen</strong></span> <span class='ocrx_word' id='word_1_234' title='bbox 1024 2659 1056 2710; x_wconf 84' lang='lat' dir='ltr'><strong>ot</strong></span> <span class='ocrx_word' id='word_1_235' title='bbox 1076 2651 1217 2710; x_wconf 82' lang='lat' dir='ltr'><strong>Hertford</strong></span> <span class='ocrx_word' id='word_1_236' title='bbox 1237 2671 1274 2709; x_wconf 90' lang='lat' dir='ltr'><strong>on</strong></span> <span class='ocrx_word' id='word_1_237' title='bbox 1296 2651 1399 2731; x_wconf 82' lang='lat' dir='ltr'><strong>Fridny</strong></span> <span class='ocrx_word' id='word_1_238' title='bbox 1412 2661 1480 2711; x_wconf 86' lang='lat' dir='ltr'><strong>next</strong></span> <span class='ocrx_word' id='word_1_239' title='bbox 1500 2655 1575 2713; x_wconf 78' lang='lat' dir='ltr'><strong>ester</strong></span> <span class='ocrx_word' id='word_1_240' title='bbox 1594 2656 1644 2715; x_wconf 86' lang='lat' dir='ltr'><strong>the</strong></span> 
     </span>
     <span class='ocr_line' id='line_1_23' title="bbox 442 2747 1643 2834; baseline 0.002 -26"><span class='ocrx_word' id='word_1_241' title='bbox 442 2751 517 2809; x_wconf 76' lang='lat' dir='ltr'><strong>senet</strong></span> <span class='ocrx_word' id='word_1_242' title='bbox 540 2751 574 2812; x_wconf 76' lang='lat' dir='ltr'><strong>of</strong></span> <span class='ocrx_word' id='word_1_243' title='bbox 592 2749 644 2810; x_wconf 83' lang='lat' dir='ltr'><strong>All</strong></span> <span class='ocrx_word' id='word_1_244' title='bbox 666 2749 771 2820; x_wconf 70' lang='lat' dir='ltr'><strong>suine,</strong></span> <span class='ocrx_word' id='word_1_245' title='bbox 795 2751 849 2809; x_wconf 75' lang='lat' dir='ltr'><strong>erd</strong></span> <span class='ocrx_word' id='word_1_246' title='bbox 872 2747 911 2808; x_wconf 81' lang='lat' dir='ltr'><strong>of</strong></span> <span class='ocrx_word' id='word_1_247' title='bbox 925 2749 1001 2810; x_wconf 86' lang='lat' dir='ltr'><strong>Nov.</strong></span> <span class='ocrx_word' id='word_1_248' title='bbox 1021 2751 1061 2808; x_wconf 75' lang='lat'><strong>20</strong></span> <span class='ocrx_word' id='word_1_249' title='bbox 1081 2749 1158 2808; x_wconf 86' lang='lat' dir='ltr'><strong>Heu.</strong></span> <span class='ocrx_word' id='word_1_250' title='bbox 1173 2749 1227 2808; x_wconf 79' lang='lat' dir='ltr'><strong>vl.</strong></span> <span class='ocrx_word' id='word_1_251' title='bbox 1253 2749 1350 2808; x_wconf 76' lang='lat' dir='ltr'><strong>before</strong></span> <span class='ocrx_word' id='word_1_252' title='bbox 1371 2749 1498 2809; x_wconf 75' lang='lat' dir='ltr'><strong>Thomas</strong></span> <span class='ocrx_word' id='word_1_253' title='bbox 1519 2753 1643 2834; x_wconf 76' lang='lat' dir='ltr'><strong>Kuyvet,</strong></span> 
     </span>
     <span class='ocr_line' id='line_1_24' title="bbox 441 2846 1643 2930; baseline 0.002 -23"><span class='ocrx_word' id='word_1_254' title='bbox 441 2847 490 2908; x_wconf 87' lang='lat' dir='ltr'><strong>the</strong></span> <span class='ocrx_word' id='word_1_255' title='bbox 503 2848 650 2908; x_wconf 82' lang='lat' dir='ltr'><strong>ereheetor</strong></span> <span class='ocrx_word' id='word_1_256' title='bbox 670 2849 704 2910; x_wconf 77' lang='lat' dir='ltr'><strong>of</strong></span> <span class='ocrx_word' id='word_1_257' title='bbox 722 2848 771 2908; x_wconf 86' lang='lat' dir='ltr'><strong>the</strong></span> <span class='ocrx_word' id='word_1_258' title='bbox 785 2857 899 2930; x_wconf 84' lang='lat' dir='ltr'><strong>county,</strong></span> <span class='ocrx_word' id='word_1_259' title='bbox 909 2847 1000 2907; x_wconf 79' lang='lat' dir='ltr'><strong>which</strong></span> <span class='ocrx_word' id='word_1_260' title='bbox 1015 2848 1115 2906; x_wconf 78' lang='lat' dir='ltr'><strong>recites</strong></span> <span class='ocrx_word' id='word_1_261' title='bbox 1135 2846 1183 2906; x_wconf 90' lang='lat' dir='ltr'><strong>the</strong></span> <span class='ocrx_word' id='word_1_262' title='bbox 1204 2854 1288 2923; x_wconf 75' lang='lat' dir='ltr'><strong>grant</strong></span> <span class='ocrx_word' id='word_1_263' title='bbox 1309 2847 1342 2904; x_wconf 83' lang='lat' dir='ltr'><strong>ot&#39;</strong></span> <span class='ocrx_word' id='word_1_264' title='bbox 1353 2847 1475 2907; x_wconf 86' lang='lat' dir='ltr'><strong>Edword</strong></span> <span class='ocrx_word' id='word_1_265' title='bbox 1496 2849 1520 2906; x_wconf 88' lang='grc' dir='ltr'><strong>Ι.</strong></span> <span class='ocrx_word' id='word_1_266' title='bbox 1545 2850 1578 2908; x_wconf 79' lang='lat' dir='ltr'><strong>of</strong></span> <span class='ocrx_word' id='word_1_267' title='bbox 1595 2851 1643 2911; x_wconf 87' lang='lat' dir='ltr'><strong>the</strong></span> 
     </span>
     <span class='ocr_line' id='line_1_25' title="bbox 440 2944 1645 3025; baseline 0.002 -19"><span class='ocrx_word' id='word_1_268' title='bbox 440 2965 539 3008; x_wconf 81' lang='lat' dir='ltr'><strong>monor</strong></span> <span class='ocrx_word' id='word_1_269' title='bbox 552 2947 586 3006; x_wconf 84' lang='lat' dir='ltr'><strong>of</strong></span> <span class='ocrx_word' id='word_1_270' title='bbox 605 2946 875 3016; x_wconf 68' lang='lat' dir='ltr'><strong>Wutton-etstone,</strong></span> <span class='ocrx_word' id='word_1_271' title='bbox 889 2947 945 3006; x_wconf 82' lang='lat' dir='ltr'><strong>end</strong></span> <span class='ocrx_word' id='word_1_272' title='bbox 966 2945 1085 3006; x_wconf 82' lang='lat' dir='ltr'><strong>deduces</strong></span> <span class='ocrx_word' id='word_1_273' title='bbox 1105 2945 1155 3003; x_wconf 89' lang='lat' dir='ltr'><strong>the</strong></span> <span class='ocrx_word' id='word_1_274' title='bbox 1174 2944 1305 3022; x_wconf 76' lang='lat' dir='ltr'><strong>pedigree</strong></span> <span class='ocrx_word' id='word_1_275' title='bbox 1326 2945 1407 3003; x_wconf 79' lang='lat' dir='ltr'><strong>doun</strong></span> <span class='ocrx_word' id='word_1_276' title='bbox 1422 2954 1453 3004; x_wconf 85' lang='lat' dir='ltr'><strong>to</strong></span> <span class='ocrx_word' id='word_1_277' title='bbox 1473 2946 1522 3005; x_wconf 86' lang='lat' dir='ltr'><strong>the</strong></span> <span class='ocrx_word' id='word_1_278' title='bbox 1542 2950 1645 3025; x_wconf 86' lang='lat' dir='ltr'><strong>pertiee</strong></span> 
     </span>
     <span class='ocr_line' id='line_1_26' title="bbox 439 3042 1644 3122; baseline 0.003 -18"><span class='ocrx_word' id='word_1_279' title='bbox 439 3046 540 3104; x_wconf 80' lang='lat' dir='ltr'><strong>nomed</strong></span> <span class='ocrx_word' id='word_1_280' title='bbox 559 3046 668 3104; x_wconf 78' lang='lat' dir='ltr'><strong>ebore:</strong></span> <span class='ocrx_word' id='word_1_281' title='bbox 698 3046 776 3110; x_wconf 86' lang='lat' dir='ltr'><strong>‘Qui</strong></span> <span class='ocrx_word' id='word_1_282' title='bbox 800 3045 913 3122; x_wconf 87' lang='lat' dir='ltr'><strong>quidem</strong></span> <span class='ocrx_word' id='word_1_283' title='bbox 937 3043 1112 3120; x_wconf 80' lang='lat' dir='ltr'><strong>Regineldue</strong></span> <span class='ocrx_word' id='word_1_284' title='bbox 1134 3051 1163 3100; x_wconf 86' lang='lat' dir='ltr'><strong>et</strong></span> <span class='ocrx_word' id='word_1_285' title='bbox 1183 3043 1278 3112; x_wconf 78' lang='lat' dir='ltr'><strong>Anne,</strong></span> <span class='ocrx_word' id='word_1_286' title='bbox 1298 3042 1458 3102; x_wconf 75' lang='lat' dir='ltr'><strong>willelmus</strong></span> <span class='ocrx_word' id='word_1_287' title='bbox 1477 3043 1595 3122; x_wconf 87' lang='lat' dir='ltr'><strong>Phelipp</strong></span> <span class='ocrx_word' id='word_1_288' title='bbox 1615 3056 1644 3108; x_wconf 82' lang='lat' dir='ltr'><strong>et</strong></span> 
     </span>
     <span class='ocr_line' id='line_1_27' title="bbox 441 3139 1643 3218; baseline 0.002 -20"><span class='ocrx_word' id='word_1_289' title='bbox 441 3139 562 3211; x_wconf 79' lang='lat' dir='ltr'><strong>doenne,</strong></span> <span class='ocrx_word' id='word_1_290' title='bbox 576 3141 621 3198; x_wconf 90' lang='lat' dir='ltr'><strong>die</strong></span> <span class='ocrx_word' id='word_1_291' title='bbox 642 3161 698 3218; x_wconf 94' lang='lat' dir='ltr'><strong>quo</strong></span> <span class='ocrx_word' id='word_1_292' title='bbox 716 3141 791 3198; x_wconf 89' lang='lat' dir='ltr'><strong>idem</strong></span> <span class='ocrx_word' id='word_1_293' title='bbox 805 3140 965 3200; x_wconf 83' lang='lat' dir='ltr'><strong>Wiiielmue</strong></span> <span class='ocrx_word' id='word_1_294' title='bbox 990 3141 1059 3198; x_wconf 88' lang='lat' dir='ltr'><strong>obiit</strong></span> <span class='ocrx_word' id='word_1_295' title='bbox 1078 3141 1212 3198; x_wconf 75' lang='lat' dir='ltr'><strong>tenebunt</strong></span> <span class='ocrx_word' id='word_1_296' title='bbox 1224 3139 1380 3217; x_wconf 83' lang='lat' dir='ltr'><strong>predictum</strong></span> <span class='ocrx_word' id='word_1_297' title='bbox 1401 3142 1557 3199; x_wconf 70' lang='lat' dir='ltr'><strong>manerium</strong></span> <span class='ocrx_word' id='word_1_298' title='bbox 1578 3163 1643 3201; x_wconf 87' lang='lat' dir='ltr'><strong>omn</strong></span> 
     </span>
     <span class='ocr_line' id='line_1_28' title="bbox 441 3236 1642 3318; baseline 0.001 -22"><span class='ocrx_word' id='word_1_299' title='bbox 441 3237 615 3314; x_wconf 82' lang='lat' dir='ltr'><strong>pertinentiis</strong></span> <span class='ocrx_word' id='word_1_300' title='bbox 636 3237 664 3292; x_wconf 94' lang='lat' dir='ltr'><strong>in</strong></span> <span class='ocrx_word' id='word_1_301' title='bbox 682 3236 794 3312; x_wconf 83' lang='lat' dir='ltr'><strong>juribus</strong></span> <span class='ocrx_word' id='word_1_302' title='bbox 809 3236 932 3312; x_wconf 77' lang='lat' dir='ltr'><strong>ipsarum</strong></span> <span class='ocrx_word' id='word_1_303' title='bbox 949 3236 1033 3292; x_wconf 83' lang='lat' dir='ltr'><strong>Anne</strong></span> <span class='ocrx_word' id='word_1_304' title='bbox 1045 3244 1075 3293; x_wconf 91' lang='lat' dir='ltr'><strong>et</strong></span> <span class='ocrx_word' id='word_1_305' title='bbox 1087 3236 1218 3296; x_wconf 83' lang='lat' dir='ltr'><strong>Johanne</strong></span> <span class='ocrx_word' id='word_1_306' title='bbox 1239 3237 1359 3296; x_wconf 79' lang='lat' dir='ltr'><strong>tiliarum</strong></span> <span class='ocrx_word' id='word_1_307' title='bbox 1375 3245 1403 3295; x_wconf 89' lang='lat' dir='ltr'><strong>et</strong></span> <span class='ocrx_word' id='word_1_308' title='bbox 1425 3238 1559 3297; x_wconf 80' lang='lat' dir='ltr'><strong>heredum</strong></span> <span class='ocrx_word' id='word_1_309' title='bbox 1580 3259 1642 3318; x_wconf 86' lang='lat' dir='ltr'><strong>pre·</strong></span> 
     </span>
     <span class='ocr_line' id='line_1_29' title="bbox 443 3330 1644 3412; baseline 0.004 -20"><span class='ocrx_word' id='word_1_310' title='bbox 443 3331 509 3392; x_wconf 84' lang='lat' dir='ltr'><strong>dieti</strong></span> <span class='ocrx_word' id='word_1_311' title='bbox 525 3331 634 3390; x_wconf 73' lang='lat' dir='ltr'><strong>Thome</strong></span> <span class='ocrx_word' id='word_1_312' title='bbox 646 3351 735 3409; x_wconf 86' lang='lat' dir='ltr'><strong>nuper</strong></span> <span class='ocrx_word' id='word_1_313' title='bbox 753 3332 859 3390; x_wconf 91' lang='lat' dir='ltr'><strong>domini</strong></span> <span class='ocrx_word' id='word_1_314' title='bbox 879 3331 914 3390; x_wconf 88' lang='lat' dir='ltr'><strong>de</strong></span> <span class='ocrx_word' id='word_1_315' title='bbox 928 3330 1050 3392; x_wconf 77' lang='lat' dir='ltr'><strong>Berdolf</strong></span> <span class='ocrx_word' id='word_1_316' title='bbox 1067 3342 1101 3391; x_wconf 87' lang='lat' dir='ltr'><strong>ut</strong></span> <span class='ocrx_word' id='word_1_317' title='bbox 1118 3336 1386 3412; x_wconf 75' lang='lat' dir='ltr'><strong>oonsunguineerum</strong></span> <span class='ocrx_word' id='word_1_318' title='bbox 1405 3343 1434 3394; x_wconf 89' lang='lat' dir='ltr'><strong>et</strong></span> <span class='ocrx_word' id='word_1_319' title='bbox 1454 3335 1589 3396; x_wconf 82' lang='lat' dir='ltr'><strong>heredum</strong></span> <span class='ocrx_word' id='word_1_320' title='bbox 1609 3337 1644 3398; x_wconf 91' lang='lat' dir='ltr'><strong>de</strong></span> 
     </span>
     <span class='ocr_line' id='line_1_30' title="bbox 443 3429 1644 3508; baseline 0.009 -22"><span class='ocrx_word' id='word_1_321' title='bbox 443 3447 559 3505; x_wconf 81' lang='lat' dir='ltr'><strong>corpore</strong></span> <span class='ocrx_word' id='word_1_322' title='bbox 572 3429 673 3506; x_wconf 79' lang='lat' dir='ltr'><strong>prefati</strong></span> <span class='ocrx_word' id='word_1_323' title='bbox 688 3429 823 3489; x_wconf 88' lang='lat' dir='ltr'><strong>Willelmi</strong></span> <span class='ocrx_word' id='word_1_324' title='bbox 837 3429 885 3487; x_wconf 87' lang='lat' dir='ltr'><strong>filii</strong></span> <span class='ocrx_word' id='word_1_325' title='bbox 906 3429 1025 3490; x_wconf 81' lang='lat' dir='ltr'><strong>leubelle</strong></span> <span class='ocrx_word' id='word_1_326' title='bbox 1039 3429 1209 3499; x_wconf 87' lang='lat' dir='ltr'><strong>exeuntium,</strong></span> <span class='ocrx_word' id='word_1_327' title='bbox 1223 3431 1252 3488; x_wconf 92' lang='lat' dir='ltr'><strong>in</strong></span> <span class='ocrx_word' id='word_1_328' title='bbox 1272 3432 1410 3490; x_wconf 79' lang='lat' dir='ltr'><strong>dominico</strong></span> <span class='ocrx_word' id='word_1_329' title='bbox 1431 3453 1491 3502; x_wconf 79' lang='lat' dir='ltr'><strong>suo,</strong></span> <span class='ocrx_word' id='word_1_330' title='bbox 1505 3434 1644 3508; x_wconf 80' lang='lat' dir='ltr'><strong>videlieet,</strong></span> 
     </span>
     <span class='ocr_line' id='line_1_31' title="bbox 446 3524 1643 3607; baseline 0.008 -23"><span class='ocrx_word' id='word_1_331' title='bbox 446 3525 587 3602; x_wconf 72' lang='lat' dir='ltr'><strong>predicunt</strong></span> <span class='ocrx_word' id='word_1_332' title='bbox 603 3524 778 3602; x_wconf 75' lang='lat' dir='ltr'><strong>Reginoidue</strong></span> <span class='ocrx_word' id='word_1_333' title='bbox 792 3534 820 3585; x_wconf 87' lang='lat' dir='ltr'><strong>et</strong></span> <span class='ocrx_word' id='word_1_334' title='bbox 834 3525 993 3586; x_wconf 86' lang='lat' dir='ltr'><strong>Willeimue</strong></span> <span class='ocrx_word' id='word_1_335' title='bbox 1006 3535 1039 3585; x_wconf 86' lang='lat' dir='ltr'><strong>ut</strong></span> <span class='ocrx_word' id='word_1_336' title='bbox 1051 3525 1086 3586; x_wconf 92' lang='lat' dir='ltr'><strong>de</strong></span> <span class='ocrx_word' id='word_1_337' title='bbox 1099 3526 1187 3586; x_wconf 84' lang='lat' dir='ltr'><strong>libero</strong></span> <span class='ocrx_word' id='word_1_338' title='bbox 1207 3534 1365 3588; x_wconf 86' lang='lat' dir='ltr'><strong>tenemento</strong></span> <span class='ocrx_word' id='word_1_339' title='bbox 1378 3537 1407 3588; x_wconf 85' lang='lat' dir='ltr'><strong>et</strong></span> <span class='ocrx_word' id='word_1_340' title='bbox 1419 3529 1542 3607; x_wconf 82' lang='lat' dir='ltr'><strong>predicte</strong></span> <span class='ocrx_word' id='word_1_341' title='bbox 1556 3533 1643 3594; x_wconf 82' lang='lat' dir='ltr'><strong>Anne</strong></span> 
     </span>
    </p>
   </div>
   <div class='ocr_carea' id='block_1_3' title="bbox 439 3715 1646 4178">
    <p class='ocr_par' dir='ltr' id='par_1_4' title="bbox 439 3715 1646 4178">
     <span class='ocr_line' id='line_1_32' title="bbox 444 3715 1646 3781; baseline 0.005 -19"><span class='ocrx_word' id='word_1_342' title='bbox 444 3715 552 3774; x_wconf 69' lang='lat' dir='ltr'><strong>herdolt</strong></span> <span class='ocrx_word' id='word_1_343' title='bbox 563 3717 588 3763; x_wconf 87' lang='lat' dir='ltr'><strong>in</strong></span> <span class='ocrx_word' id='word_1_344' title='bbox 600 3715 631 3764; x_wconf 74' lang='lat' dir='ltr'><strong>tt</strong></span> <span class='ocrx_word' id='word_1_345' title='bbox 645 3715 715 3763; x_wconf 77' lang='lat' dir='ltr'><strong>Edit.</strong></span> <span class='ocrx_word' id='word_1_346' title='bbox 728 3715 778 3763; x_wconf 91' lang='lat'>111.</span> <span class='ocrx_word' id='word_1_347' title='bbox 790 3723 816 3764; x_wconf 80' lang='lat' dir='ltr'><strong>to</strong></span> <span class='ocrx_word' id='word_1_348' title='bbox 825 3717 867 3763; x_wconf 85' lang='lat' dir='ltr'><strong>the</strong></span> <span class='ocrx_word' id='word_1_349' title='bbox 878 3717 1013 3764; x_wconf 74' lang='lat' dir='ltr'><strong>Gilhotine</strong></span> <span class='ocrx_word' id='word_1_350' title='bbox 1025 3717 1108 3777; x_wconf 62' lang='lat' dir='ltr'><strong>Prior,</strong></span> <span class='ocrx_word' id='word_1_351' title='bbox 1118 3717 1146 3763; x_wconf 78' lang='lat' dir='ltr'><strong>oi</strong></span> <span class='ocrx_word' id='word_1_352' title='bbox 1155 3715 1311 3775; x_wconf 82' lang='lat' dir='ltr'><strong>Shooldhnm,</strong></span> <span class='ocrx_word' id='word_1_353' title='bbox 1323 3717 1361 3764; x_wconf 78' lang='lat' dir='ltr'><strong>{or</strong></span> <span class='ocrx_word' id='word_1_354' title='bbox 1371 3719 1412 3764; x_wconf 87' lang='lat' dir='ltr'><strong>the</strong></span> <span class='ocrx_word' id='word_1_355' title='bbox 1423 3719 1500 3768; x_wconf 78' lang='lat' dir='ltr'><strong>better</strong></span> <span class='ocrx_word' id='word_1_356' title='bbox 1510 3728 1609 3781; x_wconf 83' lang='lat' dir='ltr'><strong>topport</strong></span> <span class='ocrx_word' id='word_1_357' title='bbox 1618 3721 1646 3768; x_wconf 77' lang='lat' dir='ltr'><strong>oi</strong></span> 
     </span>
     <span class='ocr_line' id='line_1_33' title="bbox 444 3795 1642 3858; baseline 0.006 -18"><span class='ocrx_word' id='word_1_358' title='bbox 444 3795 563 3856; x_wconf 65' lang='lat' dir='ltr'><strong>Mergum</strong></span> <span class='ocrx_word' id='word_1_359' title='bbox 574 3797 604 3844; x_wconf 90' lang='lat' dir='ltr'><strong>de</strong></span> <span class='ocrx_word' id='word_1_360' title='bbox 616 3796 738 3853; x_wconf 79' lang='lat' dir='ltr'><strong>Montiort,</strong></span> <span class='ocrx_word' id='word_1_361' title='bbox 750 3796 869 3858; x_wconf 72' lang='lat' dir='ltr'><strong>daughter</strong></span> <span class='ocrx_word' id='word_1_362' title='bbox 885 3796 911 3843; x_wconf 78' lang='lat' dir='ltr'><strong>oi</strong></span> <span class='ocrx_word' id='word_1_363' title='bbox 923 3796 1025 3844; x_wconf 81' lang='lat' dir='ltr'><strong>Thomne</strong></span> <span class='ocrx_word' id='word_1_364' title='bbox 1036 3797 1067 3844; x_wconf 78' lang='lat' dir='ltr'><strong>de</strong></span> <span class='ocrx_word' id='word_1_365' title='bbox 1078 3796 1240 3858; x_wconf 80' lang='lat' dir='ltr'><strong>Beeuohomp‚</strong></span> <span class='ocrx_word' id='word_1_366' title='bbox 1253 3796 1309 3842; x_wconf 79' lang='lat' dir='ltr'><strong>Fnrl</strong></span> <span class='ocrx_word' id='word_1_367' title='bbox 1328 3798 1355 3844; x_wconf 80' lang='lat' dir='ltr'><strong>oi</strong></span> <span class='ocrx_word' id='word_1_368' title='bbox 1369 3796 1500 3857; x_wconf 67' lang='lat' dir='ltr'><strong>Wuwmk,</strong></span> <span class='ocrx_word' id='word_1_369' title='bbox 1513 3798 1642 3847; x_wconf 78' lang='lat' dir='ltr'><strong>Cethnrine</strong></span> 
     </span>
     <span class='ocr_line' id='line_1_34' title="bbox 443 3875 1643 3937; baseline 0.005 -15"><span class='ocrx_word' id='word_1_370' title='bbox 443 3875 560 3937; x_wconf 76' lang='lat' dir='ltr'><strong>denghter</strong></span> <span class='ocrx_word' id='word_1_371' title='bbox 571 3877 598 3924; x_wconf 77' lang='lat' dir='ltr'><strong>ot</strong></span> <span class='ocrx_word' id='word_1_372' title='bbox 616 3877 672 3937; x_wconf 78' lang='lat' dir='ltr'><strong>Guy</strong></span> <span class='ocrx_word' id='word_1_373' title='bbox 683 3877 714 3924; x_wconf 87' lang='lat' dir='ltr'><strong>de</strong></span> <span class='ocrx_word' id='word_1_374' title='bbox 725 3876 846 3923; x_wconf 77' lang='lat' dir='ltr'><strong>Wenwiok</strong></span> <span class='ocrx_word' id='word_1_375' title='bbox 857 3877 979 3934; x_wconf 70' lang='lat' dir='ltr'><strong>(immed,</strong></span> <span class='ocrx_word' id='word_1_376' title='bbox 995 3876 1044 3924; x_wconf 80' lang='lat' dir='ltr'><strong>ond</strong></span> <span class='ocrx_word' id='word_1_377' title='bbox 1060 3877 1097 3924; x_wconf 80' lang='lat' dir='ltr'><strong>hu</strong></span> <span class='ocrx_word' id='word_1_378' title='bbox 1113 3891 1167 3923; x_wconf 79' lang='lat' dir='ltr'><strong>own</strong></span> <span class='ocrx_word' id='word_1_379' title='bbox 1183 3877 1251 3924; x_wconf 74' lang='lat' dir='ltr'><strong>nister</strong></span> <span class='ocrx_word' id='word_1_380' title='bbox 1267 3876 1400 3935; x_wconf 67' lang='lat' dir='ltr'><strong>Elisabeth,</strong></span> <span class='ocrx_word' id='word_1_381' title='bbox 1416 3891 1480 3925; x_wconf 83' lang='lat' dir='ltr'><strong>num</strong></span> <span class='ocrx_word' id='word_1_382' title='bbox 1495 3879 1578 3937; x_wconf 65' lang='lat' dir='ltr'><strong>them</strong></span> <span class='ocrx_word' id='word_1_383' title='bbox 1593 3881 1643 3928; x_wconf 78' lang='lat' dir='ltr'><strong>end</strong></span> 
     </span>
     <span class='ocr_line' id='line_1_35' title="bbox 442 3955 1643 4020; baseline 0.004 -17"><span class='ocrx_word' id='word_1_384' title='bbox 442 3955 478 4004; x_wconf 76' lang='lat' dir='ltr'><strong>st</strong></span> <span class='ocrx_word' id='word_1_385' title='bbox 492 3955 615 4014; x_wconf 82' lang='lat' dir='ltr'><strong>Edmund,</strong></span> <span class='ocrx_word' id='word_1_386' title='bbox 631 3962 656 4003; x_wconf 91' lang='lat' dir='ltr'><strong>to</strong></span> <span class='ocrx_word' id='word_1_387' title='bbox 673 3957 751 4004; x_wconf 79' lang='lat' dir='ltr'><strong>whioh</strong></span> <span class='ocrx_word' id='word_1_388' title='bbox 771 3957 869 4016; x_wconf 72' lang='lat' dir='ltr'><strong>cheren,</strong></span> <span class='ocrx_word' id='word_1_389' title='bbox 887 3958 912 4004; x_wconf 93' lang='lat' dir='ltr'><strong>in</strong></span> <span class='ocrx_word' id='word_1_390' title='bbox 932 3955 1004 4016; x_wconf 75' lang='lat'>1401,</span> <span class='ocrx_word' id='word_1_391' title='bbox 1024 3957 1129 4004; x_wconf 75' lang='lat' dir='ltr'><strong>Riohend</strong></span> <span class='ocrx_word' id='word_1_392' title='bbox 1147 3955 1247 4016; x_wconf 75' lang='lat' dir='ltr'><strong>Sweyne</strong></span> <span class='ocrx_word' id='word_1_393' title='bbox 1267 3957 1314 4004; x_wconf 78' lang='lat' dir='ltr'><strong>hod</strong></span> <span class='ocrx_word' id='word_1_394' title='bbox 1332 3958 1393 4004; x_wconf 86' lang='lat' dir='ltr'><strong>been</strong></span> <span class='ocrx_word' id='word_1_395' title='bbox 1412 3959 1537 4018; x_wconf 79' lang='lat' dir='ltr'><strong>preeeuted</strong></span> <span class='ocrx_word' id='word_1_396' title='bbox 1555 3961 1586 4020; x_wconf 78' lang='lat' dir='ltr'><strong>hy</strong></span> <span class='ocrx_word' id='word_1_397' title='bbox 1603 3960 1643 4008; x_wconf 84' lang='lat' dir='ltr'><strong>Sir</strong></span> 
     </span>
     <span class='ocr_line' id='line_1_36' title="bbox 441 4035 1642 4099; baseline 0.005 -15"><span class='ocrx_word' id='word_1_398' title='bbox 441 4035 549 4084; x_wconf 84' lang='lat' dir='ltr'><strong>Williom</strong></span> <span class='ocrx_word' id='word_1_399' title='bbox 561 4036 667 4094; x_wconf 76' lang='lat' dir='ltr'><strong>Boi-doli,</strong></span> <span class='ocrx_word' id='word_1_400' title='bbox 680 4036 759 4084; x_wconf 76' lang='lat' dir='ltr'><strong>whoee</strong></span> <span class='ocrx_word' id='word_1_401' title='bbox 769 4037 855 4084; x_wconf 72' lang='lat' dir='ltr'><strong>widone</strong></span> <span class='ocrx_word' id='word_1_402' title='bbox 864 4037 929 4088; x_wconf 73' lang='lat' dir='ltr'><strong>doen</strong></span> <span class='ocrx_word' id='word_1_403' title='bbox 940 4037 1069 4085; x_wconf 78' lang='lat' dir='ltr'><strong>rememied</strong></span> <span class='ocrx_word' id='word_1_404' title='bbox 1081 4036 1187 4085; x_wconf 84' lang='lat' dir='ltr'><strong>Rioherd</strong></span> <span class='ocrx_word' id='word_1_405' title='bbox 1199 4036 1299 4099; x_wconf 75' lang='lat' dir='ltr'><strong>Selling,</strong></span> <span class='ocrx_word' id='word_1_406' title='bbox 1307 4037 1369 4095; x_wconf 78' lang='lat' dir='ltr'><strong>who,</strong></span> <span class='ocrx_word' id='word_1_407' title='bbox 1380 4037 1395 4084; x_wconf 83' lang='lat'><em>8</em></span> <span class='ocrx_word' id='word_1_408' title='bbox 1409 4037 1473 4087; x_wconf 86' lang='lat' dir='ltr'><strong>Heu.</strong></span> <span class='ocrx_word' id='word_1_409' title='bbox 1483 4039 1526 4088; x_wconf 80' lang='lat' dir='ltr'><strong>vl.</strong></span> <span class='ocrx_word' id='word_1_410' title='bbox 1537 4039 1642 4090; x_wconf 64' lang='lat' dir='ltr'><strong>wlnod</strong></span> 
     </span>
     <span class='ocr_line' id='line_1_37' title="bbox 439 4115 1415 4178; baseline 0.001 -13"><span class='ocrx_word' id='word_1_411' title='bbox 439 4115 487 4165; x_wconf 77' lang='lat' dir='ltr'><strong>inu</strong></span> <span class='ocrx_word' id='word_1_412' title='bbox 497 4131 581 4166; x_wconf 76' lang='lat' dir='ltr'><strong>monor</strong></span> <span class='ocrx_word' id='word_1_413' title='bbox 590 4116 628 4164; x_wconf 81' lang='lat' dir='ltr'><strong>ior</strong></span> <span class='ocrx_word' id='word_1_414' title='bbox 637 4131 668 4164; x_wconf 82' lang='lat' dir='ltr'><strong>en</strong></span> <span class='ocrx_word' id='word_1_415' title='bbox 680 4117 780 4178; x_wconf 72' lang='lat' dir='ltr'><strong>enutrity</strong></span> <span class='ocrx_word' id='word_1_416' title='bbox 790 4123 816 4165; x_wconf 88' lang='lat' dir='ltr'><strong>to</strong></span> <span class='ocrx_word' id='word_1_417' title='bbox 826 4117 867 4166; x_wconf 87' lang='lat' dir='ltr'><strong>the</strong></span> <span class='ocrx_word' id='word_1_418' title='bbox 879 4118 965 4168; x_wconf 67' lang='lat' dir='ltr'><strong>ledi·</strong></span> <span class='ocrx_word' id='word_1_419' title='bbox 976 4118 1048 4166; x_wconf 74' lang='lat' dir='ltr'><strong>Anne</strong></span> <span class='ocrx_word' id='word_1_420' title='bbox 1059 4116 1159 4166; x_wconf 72' lang='lat' dir='ltr'><strong>clifford</strong></span> <span class='ocrx_word' id='word_1_421' title='bbox 1171 4117 1220 4166; x_wconf 82' lang='lat' dir='ltr'><strong>end</strong></span> <span class='ocrx_word' id='word_1_422' title='bbox 1231 4115 1295 4166; x_wconf 83' lang='lat' dir='ltr'><strong>Joen</strong></span> <span class='ocrx_word' id='word_1_423' title='bbox 1307 4117 1415 4178; x_wconf 81' lang='lat' dir='ltr'><strong>Phelipp.</strong></span> 
     </span>
    </p>
   </div>
   <div class='ocr_carea' id='block_1_4' title="bbox 0 0 1954 5022">
    <p class='ocr_par' dir='ltr' id='par_1_5' title="bbox 0 0 1954 5022">
     <span class='ocr_line' id='line_1_38' title="bbox 0 0 1954 5022; baseline 0 1"><span class='ocrx_word' id='word_1_424' title='bbox 0 0 1954 5022; x_wconf 95' lang='lat' dir='ltr'><strong> </strong></span> 
     </span>
    </p>
   </div>
  </div>
 </body>
</html>
