3920 5022
552 573 594 630 34
908 581 1069 626 cucuron
1094 581 1268 627 usrosnu
1296 583 1340 627 ur

332 751 365 801 ce
374 749 465 812 defen
474 761 539 811 pour
556 735 686 802 illorum
700 733 736 798 in
750 732 807 798 uli
821 753 919 814 cssu3
942 733 998 819 qui
1013 733 1175 811 dixerunt,
1190 737 1213 772 “
1221 732 1311 818 quod
1337 732 1434 798 Cives
1452 731 1699 800 Londonisrum

326 817 526 946 fflmst
559 837 681 904 debent
695 859 730 903 sc
749 837 920 902 defendere
935 838 976 901 de
991 846 1096 900 morte
1110 835 1252 900 hominis
1266 858 1325 921 per
1339 835 1471 920 triginta
1485 857 1542 900 sex
1551 837 1700 903 homines

330 945 514 1020 mle&
552 943 690 1028 juratos,
714 951 748 1005 et
761 961 820 1025 pro
838 937 1093 1024 transgressione
1111 959 1225 1002 versus
1241 939 1363 1024 Regem
1389 959 1447 1022 per
1469 937 1651 1017 duodecim,
1667 947 1701 1003 et

331 1010 522 1136 mmm
555 1064 668 1109 versus
683 1042 781 1106 ulium
801 1041 938 1127 septimo
956 1039 1089 1104 munu.''
1132 1039 1301 1105 Johsnnes
1321 1061 1398 1104 vero
1414 1039 1567 1104 Mcunsel
1582 1040 1622 1104 de
1637 1040 1699 1105 hoo

332 1139 427 1250 {ff
436 1139 465 1186 θ’
477 1137 540 1186 ω’
558 1167 625 1212 non
654 1153 840 1223 contentus,
863 1143 938 1229 quis
956 1141 1062 1206 voluit
1074 1141 1238 1227 predictos
1253 1163 1395 1226 gravare,
1409 1142 1520 1227 posuit
1543 1142 1589 1207 eis
1615 1141 1702 1206 diem

384 1235 391 1250 ⁵
558 1269 662 1333 usque
676 1246 711 1310 in
727 1245 905 1310 crastinum
918 1265 1026 1310 corum
1042 1243 1186 1307 Domino
1202 1244 1300 1328 Rege.

600 1350 641 1413 In
664 1347 804 1413 crastino
830 1357 990 1413 venerunt
1014 1345 1113 1411 Cives
1138 1346 1179 1410 ud
1194 1343 1542 1424 westmonasterium
1565 1343 1704 1431 quodie

553 1451 577 1516 J
578 1450 722 1515 ohannes
739 1449 893 1513 Msunsel
904 1448 980 1514 fecit
994 1448 1057 1534 legi
1072 1469 1179 1512 coram
1197 1448 1284 1532 Rege
1297 1447 1430 1512 sedente
1445 1447 1486 1511 sd
1502 1448 1703 1512 scaccarium

552 1551 713 1637 predictus
728 1549 955 1636 inquisitiones
966 1550 1066 1614 fectus
1079 1548 1112 1612 in
1124 1548 1275 1627 Ciuitate,
1286 1548 1491 1634 presentibus
1501 1549 1623 1614 ibidem
1633 1571 1704 1614 om·

553 1653 650 1719 nibus
661 1653 725 1718 illis
735 1653 775 1717 de
788 1651 923 1717 consilio
935 1653 1045 1738 Regis,
1058 1651 1114 1737 qui
1126 1650 1178 1715 dic
1191 1651 1377 1737 precedenti
1386 1650 1507 1716 ibidem
1518 1653 1656 1730 fuerunt,
1671 1662 1705 1717 et

552 1755 700 1841 pluribus
723 1754 803 1819 uliis.
851 1752 969 1818 Postea
995 1753 1206 1818 Aldermenni
1229 1764 1263 1819 et
1295 1754 1393 1820 Cives
1415 1755 1521 1820 vocati
1545 1766 1705 1820 venerunt

553 1878 661 1923 coram
677 1857 775 1942 Rege.
819 1855 928 1920 Maior
941 1876 1019 1921 vero
1034 1865 1068 1920 et
1089 1853 1226 1940 predicti
1241 1855 1301 1920 viri
1315 1857 1422 1922 vocati
1436 1858 1568 1922 fuerunt
1589 1879 1648 1943 per
1669 1877 1704 1922 ss

553 1959 758 2036 nominatim,
770 1968 805 2022 et
818 1958 966 2022 similiter
980 1958 1138 2022 Amulius
1150 1958 1353 2023 'l'hedmsrus
1364 1969 1398 2023 et
1420 1959 1583 2025 Heuricus
1594 1959 1705 2024 Wule-

554 2061 688 2140 mound,
703 2061 759 2145 qui
774 2071 870 2124 untes
895 2081 961 2124 non
977 2061 1110 2124 fuerunt
1123 2061 1158 2124 in
1173 2061 1280 2145 aliquo
1298 2062 1421 2127 rectuti.
1467 2063 1575 2128 Maior
1596 2072 1705 2128 sutem

553 2175 588 2230 et
602 2163 780 2229 Nicholsus
792 2163 865 2239 Bat,
879 2161 935 2247 qui
945 2173 1168 2246 opposuerunt
1178 2185 1212 2228 se
1222 2164 1256 2228 in
1267 2164 1477 2249 inquisitione
1487 2187 1595 2230 corum
1607 2167 1706 2250 Rege,

554 2265 684 2353 quondo
714 2265 846 2328 fuerunt
871 2265 957 2348 apud
973 2264 1247 2344 Wiudleshorsm,
1273 2267 1405 2330 fuerunt
1429 2267 1499 2331 sino
1527 2289 1705 2351 responso3

553 2369 609 2454 qui
624 2376 806 2453 posuerunt
821 2387 855 2430 se
870 2368 903 2430 in
920 2365 1139 2430 misericordis
1160 2366 1296 2431 Domini
1319 2367 1428 2452 Regis,
1449 2368 1537 2432 selva
1557 2367 1705 2434 libertate

554 2489 666 2534 corum
682 2478 716 2534 et
732 2468 882 2532 Civitatis
899 2467 1153 2532 Londoniurum.

597 2571 691 2635 Alios
702 2580 810 2635 eutem
823 2591 880 2633 sex
891 2569 978 2633 viros
987 2568 1065 2634 fecit
1076 2569 1149 2634 Rex
1158 2569 1359 2655 implscituri,
1369 2573 1456 2657 quod
1467 2595 1526 2658 per
1534 2573 1706 2640 consilium

555 2691 666 2736 eorum
684 2672 796 2736 dutum
821 2670 956 2752 Maiori,
975 2672 1039 2736 fuit
1059 2671 1184 2737 Civitas
1210 2695 1269 2738 sus
1295 2673 1537 2740 ultramodum
1562 2689 1706 2763 gravem,

555 2785 593 2839 ut
607 2774 642 2839 in
656 2773 792 2860 tollagiis
811 2775 932 2861 injuste
953 2774 1046 2840 luctis
1071 2786 1106 2840 et
1127 2776 1198 2839 uliis
1219 2773 1346 2858 injuriis
1369 2777 1552 2845 Commune
1573 2780 1708 2846 Londo-

555 2877 682 2942 nisrum
707 2877 814 2943 illutis.
860 2877 935 2942 Hoc
959 2876 1097 2963 adjecto,
1123 2877 1210 2962 quod
1234 2887 1351 2944 stetere
1377 2879 1475 2965 Regis
1500 2891 1533 2946 et
1562 2883 1706 2968 pondere

556 2979 690 3046 fucmnt
703 2990 838 3058 mutatu,
856 2980 944 3065 quod
959 3001 1026 3045 non
1042 2979 1152 3046 liceret
1166 2979 1236 3045 fieri
1251 2982 1320 3046 sine
1337 2982 1435 3068 Rege.
1480 2984 1532 3050 Ad
1547 2987 1635 3071 quod
1657 3009 1707 3052 re·

557 3102 716 3167 sponsum
735 3083 799 3146 fuit
817 3081 937 3166 “quod
964 3091 1082 3145 statera
1102 3091 1136 3144 et
1151 3081 1295 3165 pondero
1319 3105 1386 3148 non
1404 3095 1481 3150 sunt
1498 3098 1633 3171 mutatu,
1648 3091 1706 3157 sed

556 3184 662 3248 forms
676 3183 904 3248 tantummodo
926 3192 961 3248 et
980 3182 1098 3247 modus
1118 3183 1338 3267 ponderandi3
1369 3200 1403 3254 et
1424 3189 1487 3256 hoc
1507 3212 1568 3277 pro
1590 3217 1706 3282 magno

558 3283 646 3349 bono
661 3293 695 3349 et
709 3304 769 3367 pro
784 3305 901 3368 magna
915 3283 1070 3350 fidelitate
1084 3285 1205 3350 fectum
1229 3288 1292 3353 fuit
1312 3309 1371 3373 per
1395 3293 1614 3376 provisionem
1634 3299 1708 3384 plus

558 3405 654 3470 quem
671 3383 719 3448 iic.
734 3385 879 3450 virorum
893 3386 958 3451 fide
973 3387 1145 3470 dignorum
1172 3387 1212 3452 de
1228 3387 1380 3456 Ciuitate.
1424 3393 1458 3458 N
1460 3417 1512 3460 um
1526 3397 1599 3462 cium
1614 3410 1709 3464 entes

561 3494 681 3549 statere
707 3485 832 3551 solebat
852 3488 989 3568 trahere,
1012 3487 1198 3555 inclinando
1222 3512 1334 3557 versus
1353 3497 1570 3576 mercantium,
1596 3509 1630 3563 et
1652 3521 1709 3585 per

558 3587 659 3671 hujus
673 3597 812 3652 tractum
827 3590 958 3674 prebuit
971 3593 1168 3676 ponderator
1182 3595 1287 3679 majus
1302 3597 1430 3680 pondus
1446 3598 1503 3660 uni
1518 3619 1614 3682 quum
1634 3601 1708 3682 ulio,

559 3691 627 3754 sive
642 3708 701 3773 per
715 3690 871 3769 favorem,
890 3692 958 3756 sive
973 3713 1031 3776 per
1046 3695 1207 3773 timorem,
1234 3697 1301 3761 sive
1316 3707 1412 3781 copto
1427 3700 1585 3778 mercede,
1597 3711 1631 3765 et
1645 3703 1708 3771 hoc

558 3791 621 3857 fuit
629 3803 833 3877 coopertum
844 3793 1010 3878 provisum
1020 3797 1287 3881 est,quodomnis
1297 3800 1549 3887 momentisque
1557 3808 1710 3876 venditur

559 3914 618 3980 per
633 3903 784 3958 steteram
803 3894 910 3978 Regis,
924 3897 1122 3979 ponderetur
1143 3899 1228 3964 sicut
1249 3919 1362 3964 eurum
1383 3912 1417 3966 et
1436 3917 1616 3992 argentum,
1638 3913 1709 3980 sine

562 3997 751 4062 omnimodo
766 4007 891 4079 troctu3
914 4008 949 4063 et
961 4019 1021 4084 pro
1037 3999 1092 4066 illo
1107 4010 1213 4066 tractu
1235 4003 1327 4069 daret
1342 4006 1492 4074 venditor
1506 4015 1645 4098 emptori
1667 4018 1710 4083 sd

564 4097 742 4183 quemlibet
757 4098 900 4165 Centum
915 4109 1054 4187 quatuor
1067 4103 1176 4172 libros.
1221 4107 1287 4176 Sed
1311 4112 1399 4196 quod
1421 4135 1480 4199 per
1493 4115 1566 4184 illos
1585 4120 1638 4186 vol
1652 4141 1710 4205 per
