3930 5088
583 635 842 681 v1cncon1rnss
869 635 1156 682 nonnonrannrs.
1382 625 1441 681 135

296 789 421 874 capella
434 787 615 872 solempnia
626 788 797 852 missarum
812 787 998 853 audientem
1008 796 1043 853 et
1053 787 1256 853 orationibus
1264 798 1445 868 seminem,

296 891 458 977 nichilque
486 889 564 954 mali
591 889 799 975 cogitantem,
814 913 913 956 manu
935 891 1099 956 irruerunt
1124 899 1257 970 armata,
1280 901 1314 956 et
1335 891 1446 977 ipsum

294 995 467 1060 cnsdeliter
485 993 725 1058 interfecerunt.
770 993 869 1060 Quod
895 994 991 1060 nobis
1010 1017 1077 1060 non
1103 993 1173 1058 sine
1199 1015 1315 1080 megna
1339 996 1445 1060 cordis

296 1097 508 1162 amaritudine
537 1095 684 1161 dolentes
713 1095 893 1176 referimus,
921 1105 1073 1181 rogantes
1106 1095 1260 1181 quatinus
1294 1096 1446 1181 exequias

295 1199 440 1283 ejusdem
467 1199 584 1264 devote
609 1198 819 1276 celebrantes,
848 1196 935 1282 apud
963 1197 1073 1263 Deum
1098 1220 1159 1283 pro
1188 1220 1228 1263 eo
1258 1198 1448 1285 suppliciter

295 1299 493 1367 intercedere
514 1301 631 1380 velitis,
657 1309 696 1364 ut
720 1300 815 1365 nobis
838 1321 899 1385 pro
922 1297 1059 1363 indeed
1080 1299 1257 1385 condignas
1281 1300 1447 1366 valeamus

295 1425 461 1490 assurgere
475 1405 649 1490 gratiarum
675 1402 830 1468 actiones.
874 1400 999 1465 Datum
1013 1402 1101 1486 apud
1120 1402 1336 1484 Istlevvorthe,
1355 1401 1445 1486 xxiiij

296 1507 349 1572 die
354 1513 367 1588 1
372 1505 502 1592 Aprili,
517 1527 603 1571 anno
618 1504 709 1590 regni
719 1505 823 1569 nostri
837 1501 930 1588 xiiij0.
1452 1507 1492 1569 fo.
1506 1506 1554 1556 125
1565 1512 1597 1555 ν’·

341 1609 383 1673 In
405 1607 546 1673 crastino
568 1605 779 1672 Ascensionis
794 1604 941 1684 Domini,
968 1604 1091 1672 scilicet
1116 1616 1196 1671 tunc
1220 1606 1377 1692 temporis
1403 1629 1447 1672 xv

296 1710 350 1775 die
365 1710 458 1790 Maii,
472 1717 634 1775 venerunt
647 1731 724 1774 ossa
737 1707 873 1773 Domini
894 1707 1028 1773 Henrici
1051 1707 1092 1772 de
1106 1708 1299 1773 Alamannia
1314 1709 1447 1774 Londo-

298 1811 373 1892 niis,
395 1821 430 1877 et
443 1812 520 1878 inde
531 1812 670 1877 adducta
684 1810 727 1875 ad
747 1809 860 1874 Heiles
879 1809 922 1873 sd
936 1807 1170 1894 sepelliendum
1189 1808 1224 1873 in
1239 1809 1391 1874 abbathiu
1405 1810 1447 1876 de

300 1915 414 1980 Heiles
429 1913 578 1980 alborum
592 1913 838 1992 monachorum,
854 1933 952 1998 quern
966 1919 1059 1997 pater
1073 1932 1153 1975 suus
1174 1910 1334 1994 mndavit,
1348 1922 1382 1977 et
1396 1921 1447 1978 est

298 2039 401 2102 prope
417 2015 667 2082 Gloucestriam.

340 2119 585 2205 'licnscriptum
609 2117 817 2193 Littersnsm,
843 2135 923 2199 quas
948 2111 1113 2178 Dominus
1136 2115 1208 2180 Rex
1222 2116 1313 2181 misit
1327 2114 1447 2180 Maiori

298 2232 332 2289 et
346 2220 599 2288 vicecomitibus
615 2217 872 2294 Londoniarum,
892 2224 931 2279 ut
944 2213 1098 2280 iecissent
1110 2217 1309 2302 proclamare
1323 2240 1382 2304 per
1397 2229 1447 2284 ω.

295 2336 364 2392 tam
379 2326 565 2404 Civitatem,
580 2323 665 2388 sicut
679 2319 883 2386 subnotatur.
929 2315 1091 2382 chricus
1106 2319 1171 2385 Dei
1179 2322 1281 2406 grstia
1295 2322 1368 2387 Rex
1378 2323 1447 2387 An.

297 2428 371 2514 glis,
386 2429 443 2494 &n
456 2427 575 2492 Maiori
589 2435 624 2490 et
637 2418 891 2489 vicecomitibus
907 2417 1161 2502 Londoniarum,
1176 2423 1323 2489 salutem.
1362 2424 1448 2490 Cum

299 2529 478 2595 comitissa
492 2525 642 2593 Flandrie
657 2525 759 2602 laum,
780 2521 868 2587 bona
892 2527 926 2586 st
948 2519 1075 2588 divorsa
1097 2524 1307 2591 mercimonia
1328 2547 1449 2591 merca.

299 2643 408 2698 torum
424 2631 515 2716 regni
536 2627 651 2707 nostri,
673 2627 757 2691 inire
780 2634 900 2691 terram
921 2631 956 2690 st
968 2633 1164 2709 potestatem
1189 2649 1281 2692 susm
1306 2629 1449 2708 inventa,

299 2757 366 2801 non
388 2734 494 2800 solum
509 2729 651 2808 arestari,
674 2737 725 2792 set
738 2726 827 2812 quod
851 2724 992 2790 deterius
1006 2735 1068 2805 est,
1083 2726 1118 2790 in
1133 2728 1351 2812 predictorum
1365 2753 1450 2795 mer-

298 2848 446 2902 catorum
469 2835 648 2918 dampnum
674 2827 939 2915 inrecuperabile,
958 2835 993 2893 et
1006 2827 1110 2892 nostri
1129 2828 1337 2916 vituperium,
1352 2831 1450 2898 vendi

299 2938 422 3017 lecerit,
437 2935 478 3000 sd
492 2931 759 2999 innumerabilem
774 2928 911 3016 pecunie
927 2951 1099 3010 summam,
1113 2930 1262 2998 denarios
1277 2933 1353 2999 inde
1373 2954 1449 3019 pro·

299 3040 468 3108 venientes
491 3038 527 3102 in
551 3036 701 3123 proprios
723 3056 805 3099 usus
829 3032 1070 3112 convertend03
1093 3034 1231 3120 Propter
1253 3035 1342 3123 quod
1363 3037 1448 3116 Nos,

300 3144 357 3231 qui
370 3141 547 3229 paramini
558 3141 644 3206 dicte
659 3137 836 3206 Comitisse
849 3135 954 3223 pridie
969 3136 1154 3202 studuimus
1168 3139 1348 3224 providere,
1357 3163 1448 3206 man·

301 3247 449 3312 davirnus
472 3266 531 3333 per
554 3252 662 3310 totum
685 3263 822 3328 regnum
844 3248 995 3306 nostrum
1019 3241 1107 3326 quod
1131 3241 1242 3308 omnia
1271 3243 1448 3310 Flandren-

300 3350 398 3429 sium,
420 3348 617 3433 ubicumque
641 3347 787 3411 locorum
815 3345 850 3409 in
879 3365 979 3430 regno
1002 3351 1116 3410 nostro
1140 3345 1274 3412 inventa
1297 3348 1447 3428 fuissent,

299 3460 527 3530 arestarentur,
548 3458 583 3514 et
604 3448 693 3513 salvo
708 3446 959 3526 custodirentur,
973 3445 1078 3511 donec
1092 3447 1179 3514 aliud
1194 3449 1270 3515 inde
1284 3451 1448 3537 precepis-

300 3557 414 3622 simus.
458 3554 505 3619 Et
518 3573 591 3632 nos,
614 3560 738 3636 postes,
762 3550 803 3615 sd
826 3549 999 3614 clamorem
1025 3557 1093 3614 tem
1117 3561 1333 3617 mercatorum
1358 3552 1448 3639 regni

299 3658 404 3725 nostri
432 3678 530 3742 quam
564 3654 709 3734 Francis,
734 3652 935 3719 Normannie
957 3661 991 3718 et
1019 3652 1157 3718 aliorum
1179 3677 1364 3740 regnorum,
1393 3656 1449 3742 qui

300 3760 445 3846 pleygios
462 3769 496 3824 et
509 3757 604 3824 aliam
631 3756 836 3824 securitatem
850 3777 909 3843 per
922 3757 1088 3843 corporale
1103 3765 1339 3822 sacramentum
1353 3757 1449 3822 nobis

300 3870 495 3940 nvenerunt,
522 3861 613 3946 quod
638 3860 703 3946 ipsi
725 3861 816 3925 lenas
847 3860 971 3946 aliquas
996 3881 1064 3926 non
1094 3858 1252 3925 ducerent
1274 3861 1314 3924 sd
1340 3869 1449 3945 partes

302 3961 452 4028 Flandrie
465 3963 519 4027 vel
534 3964 695 4050 Hayonie,
709 3965 763 4030 vel
775 3964 846 4028 illes
869 3963 1133 4042 Flandrensibus,
1150 3972 1207 4027 aut
1231 3962 1301 4027 aliis
1317 3962 1451 4048 quibus·

302 4083 431 4148 cunque
466 4064 556 4128 lenas
599 4065 789 4151 hujusmodi
824 4065 1058 4132 mercatoribus
1092 4065 1236 4151 predicte
1275 4065 1451 4131 comitisse

301 4166 442 4231 vendere
466 4164 664 4246 volentibus,
692 4167 882 4248 venderent,
910 4168 963 4232 vel
996 4189 1055 4253 per
1077 4177 1180 4233 artem
1206 4177 1262 4232 aut
1283 4166 1450 4251 ingenium
