3920 5022
600 549 641 613 58
953 563 1115 611 osonron
1139 564 1318 612 usronors
1341 561 1387 609 an

598 717 641 783 de
673 717 840 784 Comitstu
869 715 1074 796 Midelsexie,
1102 723 1299 782 conventum
1330 713 1404 794 fuit,
1425 713 1514 800 quod
1527 711 1743 779 chcomites

598 819 842 886 Londoniarum
857 828 996 906 possunt
1009 819 1128 884 intrare
1150 819 1185 884 in
1205 817 1357 883 omnibus
1371 818 1457 883 villis
1480 827 1515 882 et
1536 816 1742 890 tenementis,

597 944 661 1009 que
684 922 796 988 Abbas
825 921 924 988 hebet
947 922 983 988 in
1006 921 1232 987 Midelsexism
1256 942 1360 1007 usque
1384 920 1426 984 sd
1451 929 1579 1005 portam
1604 919 1743 984 Abbatie

599 1046 668 1104 sue,
682 1033 716 1090 et
731 1023 776 1089 ibi
791 1023 1062 1089 summonitiones
1076 1024 1180 1090 iacere
1195 1031 1228 1088 et
1242 1022 1433 1108 distringere
1448 1022 1600 1087 omnibus
1626 1020 1743 1098 modis,

598 1125 683 1190 siout
698 1125 734 1189 in
757 1125 950 1190 tenementis
965 1124 1101 1190 aliorum
1115 1123 1215 1190 libere
1234 1123 1416 1187 tenentium
1441 1121 1475 1186 in
1500 1122 1688 1200 Comitatu3
1710 1131 1745 1186 et

595 1227 684 1312 quod
697 1235 847 1292 tenentes
860 1224 999 1291 Abbatis
1018 1225 1060 1289 sd
1085 1225 1270 1290 Comitatus
1293 1234 1328 1289 et
1352 1225 1393 1288 sd
1416 1223 1597 1289 Hundreda
1622 1233 1744 1288 sectam

593 1326 697 1392 iecere
719 1325 851 1405 debent,
875 1335 910 1391 et
935 1325 1045 1390 omnis
1069 1325 1132 1390 slis
1155 1325 1299 1404 servicis,
1325 1345 1388 1410 que
1410 1325 1504 1390 liberi
1529 1335 1678 1389 tenentes
1702 1325 1743 1390 de

592 1430 739 1515 predicto
764 1427 932 1493 Comitatu
946 1429 1050 1494 iecere
1077 1429 1194 1494 solent.
1250 1429 1377 1508 Postea,
1400 1449 1556 1514 processu
1574 1428 1744 1513 temporis,

592 1533 758 1618 predictus
771 1531 883 1598 Abbss
898 1541 933 1598 et
948 1531 1140 1597 Conventus
1155 1553 1235 1597 suus
1250 1553 1309 1617 per
1323 1541 1444 1598 cartam
1462 1553 1555 1598 susm
1578 1531 1743 1598 communi

593 1633 698 1719 sigillo
713 1655 825 1700 eorum
840 1633 1022 1718 sigillatam,
1043 1633 1238 1700 remiserunt
1253 1632 1390 1699 Civibus
1415 1655 1546 1699 omnem
1572 1634 1743 1712 actionem,

593 1757 690 1822 quem
704 1734 888 1801 habuerunt
901 1736 936 1801 in
951 1734 1179 1816 Middlesexia,
1202 1735 1370 1800 occasione
1384 1735 1609 1820 prenominate
1624 1745 1744 1800 cartes

592 1839 737 1905 Domino
772 1839 860 1924 Rege
887 1838 1058 1924 impetrate
1094 1838 1136 1903 sd
1160 1837 1374 1924 prejudicium
1412 1837 1555 1919 Civium,
1583 1839 1745 1924 imperpe-

592 1951 706 2022 tuum;
726 1942 815 2025 quod
829 1951 943 2027 postes
957 1963 1023 2006 non
1038 1941 1140 2006 stetit.

637 2042 713 2108 Hoc
727 2064 813 2106 anno
826 2042 862 2106 in
877 2042 1089 2127 parlamento,
1104 2050 1181 2126 post
1202 2040 1400 2127 quindenum
1423 2039 1535 2108 Sancti
1560 2043 1743 2122 Michaelis,

592 2141 710 2207 iterum
726 2151 798 2207 orta
811 2151 863 2208 est
876 2142 1034 2207 dissentio
1058 2142 1143 2206 inter
1168 2141 1350 2206 Dominum
1366 2141 1488 2227 Regem
1512 2153 1547 2208 et
1559 2145 1742 2229 predictum

595 2242 758 2308 Comitem
773 2243 961 2328 Leycestrie
971 2252 1005 2308 et
1019 2243 1194 2328 complices
1209 2264 1298 2307 suos.
1342 2243 1415 2307 Rex
1427 2243 1512 2308 enim
1530 2253 1563 2307 et
1578 2244 1741 2310 Dominus

594 2345 776 2410 Edwardus
791 2345 931 2410 etmulti
945 2354 1112 2429 magnates
1122 2344 1225 2428 regni,
1233 2343 1289 2428 qui
1298 2344 1344 2407 eis
1356 2343 1563 2424 adheserunt,
1570 2344 1745 2413 voluerunt

593 2455 632 2510 ut
645 2445 798 2510 omnibus
821 2446 896 2524 illis,
924 2445 1041 2530 quibus
1068 2445 1189 2530 injuste
1213 2444 1463 2528 depredaciones
1488 2467 1546 2510 seu
1566 2457 1745 2532 transgres-

594 2549 701 2612 siones
716 2548 800 2611 iuste
814 2547 954 2626 fuerant,
965 2544 1097 2630 justicia
1119 2544 1343 2626 exhiberetur3
1369 2546 1411 2610 ad
1434 2547 1524 2631 quod
1547 2569 1622 2633 pars
1645 2551 1746 2615 altero

592 2648 698 2713 noluit
712 2647 878 2712 assentire.
917 2647 1035 2711 Postea
1055 2647 1127 2712 Rex
1140 2647 1255 2727 voluit,
1270 2655 1308 2712 ut
1326 2647 1373 2712 illi
1396 2647 1451 2733 qui
1465 2648 1586 2714 debent
1610 2673 1682 2716 esse
1704 2654 1746 2719 de

593 2751 714 2816 familia
729 2751 845 2815 domus
860 2771 928 2830 sue,
943 2749 1084 2814 fuissent
1098 2772 1157 2836 per
1169 2750 1278 2836 ipsum
1294 2751 1388 2816 electi
1402 2751 1485 2816 etin
1500 2753 1605 2818 officio
1619 2756 1728 2838 positi.

636 2855 730 2919 'iimo
743 2853 900 2940 temporis
916 2853 1080 2918 Dominus
1096 2854 1287 2933 Edwardus,
1303 2854 1364 2918 sub
1379 2853 1486 2919 colore
1506 2855 1659 2921 visitandi
1684 2880 1744 2921 ux·

594 2979 684 3023 orem
699 2979 802 3037 suam,
816 2956 950 3021 intrarit
962 2955 997 3020 in
1014 2955 1169 3021 Castrum
1184 2956 1225 3022 de
1241 2956 1451 3041 Wyndeshor
1465 2968 1499 3023 et
1517 2959 1564 3024 ibi
1578 2981 1613 3024 se
1629 2961 1744 3026 tenuit.

594 3063 666 3126 Rex
686 3070 794 3125 autem
809 3060 845 3124 in
860 3060 1000 3124 crastino
1019 3081 1114 3124 manc
1133 3059 1267 3124 recessit
1280 3083 1300 3123 a
1317 3060 1608 3127 Westmonastsrio
1631 3085 1744 3128 versus

594 3161 718 3226 dictum
734 3161 898 3238 Castrum,
909 3170 942 3223 et
956 3159 991 3223 in
1006 3181 1045 3224 eo
1061 3159 1194 3225 intravit
1209 3183 1283 3225 cum
1299 3162 1378 3240 suis,
1390 3160 1508 3248 quibus
1518 3164 1633 3245 voluit,
1648 3188 1744 3251 quem

594 3260 690 3324 multi
706 3258 852 3323 Comites
867 3269 902 3322 ct
916 3258 1073 3339 Berones,
1092 3261 1236 3345 quicum
1253 3281 1292 3326 eo
1318 3270 1503 3344 tenuerunt,
1530 3276 1608 3331 sunt
1633 3269 1745 3348 secuti,

596 3359 726 3425 Comite
740 3359 917 3426 leicestrie
932 3369 966 3426 et
981 3360 1194 3447 complicibus
1211 3362 1279 3427 suis
1301 3363 1336 3428 in
1357 3365 1539 3431 Londoniis
1562 3369 1745 3453 hospitatis.

596 3463 724 3542 Postea,
746 3472 882 3548 utraque
907 3485 983 3551 pars
1009 3465 1121 3550 posuit
1146 3487 1181 3531 se
1207 3466 1242 3530 in
1265 3466 1398 3533 arbitrio
1422 3469 1520 3554 Regis
1546 3471 1679 3535 Francia
1705 3474 1756 3538 de·

595 3565 740 3652 predicta
753 3567 974 3634 contentione.

642 3669 717 3733 Hoc
731 3690 818 3734 anno
832 3669 950 3734 iterum
961 3670 1083 3735 electus
1099 3679 1150 3735 est
1165 3670 1273 3736 Maior
1286 3672 1430 3736 'i'homas
1445 3673 1532 3736 filius
1546 3673 1672 3738 Thome
1686 3697 1746 3762 per

598 3771 767 3856 populum,
780 3769 1010 3835 Aldermannis
1031 3781 1141 3835 sutem
1167 3780 1201 3836 et
1224 3770 1435 3857 Magnetibus
1460 3774 1609 3840 Civitatis
1630 3798 1745 3861 parum

600 3893 697 3959 super
711 3873 775 3937 hoc
788 3872 957 3950 consuitis,
972 3883 1007 3936 et
1030 3873 1140 3937 statim
1162 3875 1302 3958 juratus,
1317 3874 1413 3940 sicuti
1435 3887 1530 3942 antes
1544 3878 1673 3945 duobus
1688 3905 1746 3946 an-

602 3976 654 4041 nis
668 3974 918 4062 precedentibus
932 3975 1047 4054 tuerat,
1070 3976 1159 4060 quod
1181 3998 1367 4064 nunoqusm
1392 3979 1474 4046 alius
1500 3981 1609 4047 Maior
1630 3985 1746 4064 fuerat,

599 4077 664 4143 nisi
686 4077 777 4164 prius
797 4076 960 4143 admissus
974 4077 1072 4143 tuerit
1086 4099 1106 4144 e
1121 4080 1209 4166 Rege
1223 4081 1276 4146 vel
1291 4102 1311 4147 e
1328 4082 1514 4150 Beronibus
1530 4085 1598 4150 suis
1614 4085 1654 4152 de
1670 4087 1747 4153 Sca·
