3956 5022
530 542 571 599 22
892 553 1053 599 cnonrca
1077 552 1254 597 ustoauu
1281 552 1326 595 nr·

529 707 711 772 Londoniis
726 706 802 772 lecit
817 705 926 772 venire
940 727 1048 770 coram
1065 728 1100 770 se
1123 705 1283 770 Maiorem
1299 713 1334 768 et
1349 703 1446 768 Cives
1471 703 1581 769 statim
1606 713 1684 788 post

529 809 767 895 Epiphaniam
791 830 873 894 quos
887 808 992 874 voluit
1006 808 1204 874 occasionari
1219 829 1278 893 pro
1294 807 1445 872 evasione
1464 808 1487 872 J
1489 807 1626 872 ohannis
1641 807 1683 870 de

531 913 660 994 Frome,
685 913 742 999 qui
768 922 882 997 captus
902 913 1008 977 luerat
1022 921 1056 977 et
1076 911 1307 997 imprisonatus
1327 909 1361 974 in
1384 910 1592 996 Neuvvegate,
1607 909 1682 995 quia

529 1014 705 1081 indictatus
730 1015 794 1080 fuit
818 1036 891 1080 esse
915 1015 1123 1080 consentiens
1148 1014 1183 1078 in
1208 1025 1348 1080 mortem
1368 1018 1537 1103 cujusdam
1562 1017 1682 1082 Prioris

529 1119 747 1199 transmarini,
762 1119 818 1204 qui
832 1127 902 1182 erat
916 1118 957 1182 de
971 1118 1092 1182 familia
1106 1118 1263 1204 Episcopi
1279 1120 1481 1186 Herefordie.
1525 1120 1578 1185 Ad
1594 1119 1681 1205 quod

530 1222 628 1288 Cives
643 1221 893 1307 responderunt,
909 1226 931 1259 “
942 1221 1031 1307 quod
1046 1243 1113 1286 non
1127 1221 1270 1307 pertinet
1284 1223 1325 1286 sd
1340 1245 1397 1287 eos
1412 1224 1560 1288 custodia
1578 1223 1681 1308 gaola,

531 1326 589 1390 sed
603 1326 831 1390 tantummodo
849 1325 890 1389 ad
905 1323 1155 1390 vicecomites.’'
1197 1324 1326 1390 Quibus
1337 1345 1532 1410 responsum
1546 1325 1609 1389 luit
1623 1345 1682 1410 per

532 1428 666 1513 Regem,
677 1429 779 1514 “quia
792 1429 856 1512 ipsi
870 1427 994 1492 faciunt
1003 1427 1230 1507 Vicecomites‚
1241 1427 1329 1512 quod
1339 1428 1402 1513 ipsi
1415 1429 1536 1494 debent
1546 1450 1681 1514 respon-

531 1531 607 1595 dere
615 1551 675 1614 pro
687 1529 767 1594 eis.''
790 1529 857 1596 Qui
873 1530 1026 1595 ‹lixerunt
1040 1533 1061 1567 “
1071 1529 1158 1614 quod
1170 1530 1234 1614 ipsi
1245 1552 1312 1595 non
1323 1533 1446 1597 faciunt
1455 1533 1681 1610 vicecomites,

531 1633 589 1697 sed
602 1633 829 1698 tantummodo
845 1633 978 1718 eligunt,
987 1643 1022 1698 et
1033 1642 1223 1718 presentent
1231 1633 1415 1699 Beronibus
1424 1636 1560 1700 Domini
1572 1635 1682 1721 Regis,

530 1746 564 1801 et
582 1736 629 1800 illi
644 1737 859 1803 Vicecomites
874 1737 922 1801 nil
940 1747 1082 1822 possunt
1103 1738 1208 1801 facere
1227 1736 1323 1802 officii
1348 1738 1409 1818 sui,
1431 1749 1605 1825 antequam
1625 1739 1681 1803 ad-

530 1839 622 1903 missi
647 1848 725 1904 sunt
749 1840 790 1904 ad
817 1839 1037 1919 Scaccarium3
1063 1849 1098 1905 et
1120 1840 1208 1924 quod
1230 1840 1265 1904 in
1289 1840 1379 1906 nullo
1399 1843 1534 1907 articulo
1560 1841 1683 1908 debent

529 1941 726 2026 respondere
751 1963 811 2027 pro
834 1942 1101 2023 vicecomitibus,
1127 1953 1333 2029 preterquam
1360 1947 1400 2011 de
1426 1945 1520 2009 firma
1544 1945 1681 2010 Viceco·

530 2043 675 2124 mitetds,
690 2053 725 2109 et
738 2045 944 2111 solummodo
970 2055 1061 2125 tunc,
1083 2046 1213 2130 quando
1234 2045 1431 2110 sufficientes
1450 2043 1497 2108 illi
1516 2065 1585 2108 uon
1603 2053 1682 2108 sunt

529 2148 570 2212 ad
584 2148 711 2213 firmam
726 2147 955 2214 reddendam.’'
998 2148 1156 2228 Tandem,
1167 2148 1280 2212 multis
1290 2145 1553 2213 altercationibus
1575 2147 1681 2227 factis,

530 2251 616 2337 capti
632 2262 710 2316 sunt
723 2250 928 2317 vicecomites
950 2260 984 2316 et
998 2250 1125 2316 liberati
1143 2251 1339 2317 Mareseallo
1356 2250 1454 2316 Curie
1470 2250 1579 2335 Regis,
1598 2260 1632 2314 et
1646 2251 1680 2314 in

530 2355 708 2421 crastinum
729 2353 934 2438 imprisonati
952 2354 1039 2438 apud
1052 2354 1182 2418 'lirrrim
1204 2354 1462 2432 Londoniarum,
1477 2353 1534 2417 ubi
1555 2375 1681 2418 moram

529 2461 675 2523 fecerunt
700 2478 759 2541 per
781 2478 884 2520 unum
906 2477 1052 2522 mensem
1072 2467 1106 2522 et
1125 2457 1276 2542 amplius.
1322 2457 1449 2535 Postea,
1463 2457 1546 2521 circa
1560 2457 1681 2520 festum

531 2559 768 2625 Purificationis
784 2558 901 2625 Sancte
917 2559 1034 2638 Marie,
1048 2581 1107 2644 per
1126 2560 1246 2624 multus
1261 2560 1402 2624 rationes
1425 2559 1508 2644 Regi
1522 2569 1682 2637 ostensas,

530 2662 657 2728 dimissi
677 2673 755 2727 sunt
771 2661 989 2728 vicecomites
1010 2683 1070 2747 per
1093 2662 1256 2748 plerinam
1282 2661 1438 2740 Maioris3
1461 2671 1496 2726 et
1510 2661 1582 2725 Rex
1597 2662 1682 2726 ultra

530 2768 663 2832 modum
679 2775 789 2831 motus
804 2766 837 2831 in
853 2766 934 2831 iram
949 2787 1009 2850 pro
1018 2765 1073 2830 illa
1087 2767 1239 2831 evasione
1254 2765 1361 2831 noluit
1374 2764 1448 2829 illos
1463 2764 1682 2829 vicecomites
1771 2803 1774 2810 ·

529 2870 716 2954 permittere
742 2868 829 2954 quod
857 2868 905 2932 illi
933 2867 1167 2933 remansissent
1187 2867 1416 2932 vicecomites.
1462 2867 1560 2932 Unde
1583 2867 1682 2932 Cives

530 2982 722 3039 amoverunt
733 2993 790 3036 eos
805 2981 840 3036 et
854 2971 1014 3055 eligerunt
1028 2971 1119 3049 alios,
1130 2971 1236 3056 prima
1250 2970 1302 3035 die
1317 2972 1412 3036 Lune
1427 2969 1681 3055 quadragesime,

530 3077 661 3153 scilicet,
677 3075 879 3158 Stephanum
896 3074 936 3137 de
952 3073 1156 3159 Oystergute‚
1172 3073 1353 3138 Henricum
1374 3074 1414 3138 de
1429 3072 1636 3138 Walemund.

309 3176 501 3255 tractatam
617 3176 772 3240 Matheus
789 3173 942 3239 Bukerel.

301 3245 500 3304 fissaamrepm
635 3271 636 3276 =

308 3308 520 3370 memnona!
618 3278 788 3343 Johannes
801 3277 980 3362 leMynur.

577 3383 652 3447 Hoc
672 3403 758 3444 anno
772 3381 807 3444 in
822 3381 907 3445 festo
922 3380 1041 3445 Sancte
1056 3378 1210 3461 Eldrede,
1225 3393 1305 3448 tunc
1329 3384 1487 3469 temporis
1499 3385 1551 3451 die
1571 3386 1683 3452 Domi-

531 3485 615 3564 nica,
637 3506 728 3550 soror
743 3485 840 3570 Regis
856 3485 1049 3570 Hispunnie,
1063 3507 1147 3550 uxor
1155 3485 1291 3551 Domini
1300 3487 1463 3568 Edwardi,
1477 3491 1684 3576 primogeniti

532 3589 668 3654 Domini
683 3589 793 3674 Regis,
807 3589 898 3654 venit
909 3589 1101 3664 Londouiis,
1113 3589 1166 3654 cui
1175 3589 1419 3656 innumerabilis
1433 3593 1574 3678 populus
1586 3595 1684 3679 Epis-

531 3713 698 3778 coporum,
729 3691 908 3770 Comitum,
938 3692 1117 3771 Beronum,
1151 3692 1299 3757 Militum
1329 3703 1363 3758 et
1393 3692 1523 3759 Civium
1553 3695 1683 3760 obviam

530 3797 631 3862 exivit
654 3818 673 3858 a
697 3793 856 3872 Civitate3
879 3804 914 3858 et
936 3794 1034 3858 etiam
1060 3795 1224 3859 Dominus
1249 3796 1320 3860 Rex
1343 3795 1377 3860 in
1401 3798 1532 3883 propria
1545 3820 1686 3883 persona

530 3922 598 3980 sua,
615 3898 756 3964 Civitate
770 3897 1015 3962 Londoniarum
1030 3896 1231 3962 nobilissime
1246 3909 1395 3964 atrurnata
1409 3911 1444 3966 et
1458 3903 1648 3969 acurtinata.

572 4003 648 4068 Hoc
662 4023 760 4080 anno,
786 4001 860 4085 quia
876 3999 1097 4085 specificatum
1111 4011 1163 4066 est
1177 4001 1211 4066 in
1226 4002 1322 4067 cartis
1338 4005 1379 4068 de
1403 4004 1580 4087 Maiorem,
1595 4008 1685 4091 quod

528 4107 626 4173 Cives
641 4115 780 4192 possunt
794 4127 944 4170 amovere
960 4104 1121 4170 Maiorem
1148 4128 1244 4170 suum
1267 4106 1302 4169 in
1328 4105 1393 4171 fine
1417 4107 1505 4189 anni,
1528 4119 1562 4174 et
1584 4111 1683 4176 alium
