3920 5022
550 613 807 660 vrcucoursuu
832 613 1119 661 nonnonrsnrnr.
1366 595 1409 671 47

257 767 355 832 breve
370 766 410 830 ad
425 765 587 852 predictos
602 766 751 852 prisoues
773 766 1010 848 deliberandos,
1034 774 1068 832 et
1090 765 1177 830 uliud
1200 764 1299 830 breve
1314 765 1410 831 Vice-

258 869 368 933 comiti
384 870 425 934 de
441 868 608 933 Comitatu
621 868 656 932 N
657 869 872 954 orhumptone
882 869 1053 949 directum,
1067 868 1156 955 quod
1171 868 1199 932 si
1211 868 1328 934 Bullivi
1336 887 1409 954 pre·

258 973 337 1036 dicti
362 973 525 1037 noluerint
547 972 620 1038 illos
644 972 819 1051 dimittere,
844 972 931 1058 quod
956 972 1028 1057 ipse
1052 971 1188 1036 intraret
1208 970 1291 1036 infra
1311 969 1409 1036 liber-

256 1083 340 1138 tetes
357 1096 442 1153 suus,
457 1084 491 1139 et
504 1075 593 1160 ipsos
617 1074 808 1141 deliberaret
831 1074 925 1140 latori
946 1074 1125 1139 litterarum
1149 1073 1284 1138 Domini
1299 1071 1409 1158 Regis,

257 1176 422 1240 ducendos
437 1198 545 1241 eornm
563 1177 705 1242 Domino
718 1179 805 1262 Rege
821 1177 862 1240 ad
876 1176 1059 1242 faciendum
1071 1176 1158 1260 quod
1169 1175 1210 1239 de
1223 1175 1296 1259 jure
1305 1174 1408 1239 lacere

257 1276 413 1342 deberent
427 1279 607 1343 secundum
621 1279 708 1363 leges
724 1277 884 1344 Civitatis.
930 1277 1059 1345 Quibus
1085 1275 1201 1341 litteris
1215 1275 1407 1361 impetratis,

256 1381 350 1445 ecce!
373 1402 519 1445 rumores
535 1380 623 1465 quod
647 1380 785 1466 predicti
803 1381 952 1466 prisoner
967 1381 1101 1446 fuerunt
1125 1379 1213 1464 epnd
1229 1378 1408 1464 Cherringe

253 1483 349 1566 juxta
362 1481 703 1562 westmonasterium,
728 1481 785 1548 ubi
807 1482 916 1547 Maior
941 1492 975 1547 et
1000 1479 1117 1545 Bellivi
1140 1480 1408 1564 Norebamptone

257 1584 330 1648 illos
346 1583 561 1648 adduxerunt.
606 1583 683 1650 Quo
709 1584 831 1664 audito,
857 1584 966 1649 Maior
989 1581 1232 1647 Londoniarum
1255 1581 1345 1646 misit
1365 1581 1407 1645 ad

257 1685 330 1749 illos
357 1685 515 1768 quosdam
539 1685 648 1763 Cives,
674 1685 855 1750 deferentes
875 1685 1058 1770 predictum
1082 1684 1201 1761 brere3
1235 1703 1301 1768 quo
1315 1683 1406 1747 brevi

256 1785 342 1851 lecto
351 1795 386 1850 et
398 1785 574 1864 intellecto,
588 1786 764 1850 noluerunt
777 1785 882 1852 adhuc
896 1786 968 1852 illos
978 1785 1126 1871 prisoner
1134 1783 1259 1848 nuntiis
1270 1783 1407 1849 Maioris

256 1886 441 1952 liberandos
464 1887 631 1952 assentire.
674 1887 779 1966 limo,
801 1908 890 1967 vero,
916 1887 1025 1952 Maior
1050 1887 1305 1965 Londoniarum,
1331 1908 1406 1950 eum

256 1987 483 2052 innumerabili
497 1989 630 2073 populo,
654 1989 810 2055 mesdeus
835 1989 877 2054 ad
901 1990 1035 2075 Regem,
1055 1989 1200 2055 ostendit
1214 1988 1254 2068 ei,
1268 1988 1407 2073 graviter

257 2088 497 2173 conquerendo,
512 2090 648 2175 qualiter
668 2091 732 2176 ipsi
758 2089 874 2157 Ballivi
893 2091 927 2154 in
950 2090 1106 2176 despectu
1128 2091 1214 2176 regie
1229 2090 1407 2176 majestatis

257 2201 293 2257 et
305 2192 348 2255 ad
361 2192 540 2256 maximum
555 2193 695 2258 dedecus
711 2192 862 2259 Civitatis
884 2213 942 2257 sue
966 2193 1210 2258 londoniarum
1229 2213 1289 2279 pro
1310 2192 1407 2256 tertio

257 2293 348 2358 brevi
367 2317 427 2360 suo
441 2295 541 2360 nichil
566 2297 670 2363 fecere
689 2297 872 2362 voluerunt.
918 2294 1124 2374 Qui,mot1n
1147 2295 1182 2359 in
1203 2295 1295 2374 iram,
1317 2293 1408 2358 misit

259 2397 393 2462 Petrum
408 2397 448 2463 de
463 2399 590 2479 Nevile,
605 2400 766 2484 quendam
788 2397 1011 2463 marescallum
1033 2397 1150 2462 domus
1165 2418 1233 2476 sue,
1247 2395 1289 2460 sd
1305 2394 1407 2460 Cher-

258 2500 370 2584 ringa3
392 2500 447 2585 qui
461 2501 677 2567 incontinenti
690 2501 825 2566 adduxit
839 2500 988 2587 prisones
1003 2521 1112 2565 corum
1127 2499 1226 2585 Rege,
1237 2507 1271 2563 et
1280 2495 1407 2562 liberati

259 2609 338 2666 sunt
362 2601 491 2668 Maiori.
536 2602 634 2669 Cives
658 2625 737 2668 vero
763 2603 874 2668 statim
897 2609 1110 2667 narraverunt
1132 2622 1247 2667 versus
1269 2601 1343 2665 illos
1365 2600 1406 2664 de
1448 2603 1457 2620 ¹

259 2703 510 2788 Norhamptons
524 2704 565 2771 de
579 2704 833 2790 transgressione
847 2703 894 2768 eis
908 2704 993 2768 fecta
1013 2712 1048 2767 et
1067 2704 1107 2766 de
1128 2712 1320 2787 contemptu
1333 2701 1407 2767 bre-

257 2807 348 2872 vium
364 2807 500 2871 Domini
516 2806 613 2890 Regis
622 2831 633 2885 ;
654 2805 702 2870 illi
716 2815 824 2870 autem
838 2805 1086 2889 responderunt.
1131 2803 1314 2888 Superque
1335 2827 1408 2869 nar-

258 2909 383 2974 ratione
398 2917 432 2973 et
446 2926 603 2991 responso
618 2905 781 2971 Dominus
796 2907 868 2970 Rex
888 2906 978 2970 dedit
992 2904 1039 2970 eis
1053 2903 1140 2968 diem
1161 2905 1204 2968 ad
1221 2903 1408 2970 babendum

254 3011 415 3096 judicium
429 3009 465 3073 in
479 3007 676 3085 crastinum
699 3007 787 3092 quod
798 3006 957 3092 judicium
971 3007 1048 3071 dare
1062 3014 1097 3070 et
1107 3027 1221 3089 capere
1241 3006 1409 3072 colluden-

258 3112 358 3190 tibus,
373 3111 518 3196 positum
538 3108 600 3173 luit
623 3108 657 3173 in
680 3118 829 3194 respectu
852 3109 893 3174 de
915 3109 967 3174 die
988 3109 1023 3174 iu
1047 3107 1132 3173 diem
1155 3108 1327 3194 plusquam
1350 3129 1409 3194 per

258 3213 401 3298 quinque
425 3211 632 3296 septimanas,
655 3219 689 3276 et
710 3221 836 3297 postea,
858 3211 954 3276 tertia
968 3211 1020 3276 die
1043 3220 1119 3275 ante
1136 3211 1256 3275 festum
1269 3210 1408 3276 Annun-

255 3314 400 3378 debonis
409 3313 592 3393 Domiuice,
604 3313 712 3380 Maior
722 3323 756 3380 et
766 3314 864 3381 Cives
874 3313 1129 3399 veneruntapud
1139 3313 1279 3393 Turrim,
1287 3323 1322 3379 et
1332 3314 1409 3378 Bal-

257 3413 315 3479 livi
326 3413 367 3478 de
375 3413 613 3490 Norhumtona,
628 3433 736 3478 eoram
748 3413 894 3480 Domino
910 3414 998 3498 Rege
1008 3413 1043 3478 iu
1058 3437 1183 3480 camera
1197 3437 1266 3494 sua,
1276 3437 1409 3501 presen-

257 3515 346 3580 tibus
360 3515 407 3580 ibi
418 3513 556 3599 Capituli
566 3513 762 3593 Justitiario,
773 3514 925 3600 Philippo
938 3516 1066 3596 Basset,
1081 3516 1233 3583 Joheune
1244 3519 1409 3597 Maunsel,

258 3617 402 3684 Roberto
413 3617 600 3698 Walerand,
610 3616 722 3682 etaliis
737 3617 778 3682 de
788 3617 924 3683 consilio
935 3618 1070 3684 Domini
1082 3620 1190 3704 Regis.
1220 3618 1318 3685 Cives
1332 3643 1409 3686 vero

257 3719 423 3806 petierunt
442 3718 602 3804 judicium
631 3740 727 3784 suum
749 3729 967 3804 respectatum
993 3720 1078 3788 inter
1098 3722 1188 3807 ipsos
1212 3729 1246 3787 et
1267 3721 1341 3787 illos
1365 3723 1406 3790 de

259 3823 486 3887 Norbamtous
496 3821 537 3886 de
548 3821 730 3888 narratione
745 3843 804 3887 sua
818 3830 852 3888 et
865 3843 1023 3909 responso
1037 3824 1177 3890 illorum.
1222 3824 1276 3888 llli
1299 3833 1408 3891 autem

262 3925 302 3989 de
317 3925 544 3988 Norbamtona
563 3924 716 3990 dixerunt
729 3927 817 4010 quod
831 3947 999 4010 nunquam
1020 3926 1248 4012 responderint
1271 3927 1330 4006 eis,
1352 3928 1410 3992 sed

261 4025 406 4090 Domino
430 4026 521 4110 Regi,
544 4025 619 4111 quia
641 4048 708 4091 uon
730 4036 884 4093 tenentur
904 4026 1057 4112 placitare
1081 4038 1173 4094 extra
1191 4049 1302 4093 muros
1317 4028 1411 4115 burgi

261 4126 323 4205 sui,
337 4135 371 4191 et
384 4125 460 4191 inde
475 4127 643 4211 proterunt
664 4135 784 4194 cartam
800 4128 935 4194 Domini
951 4128 1059 4214 Regis,
1074 4151 1136 4216 qus
1151 4131 1235 4196 beta
1248 4130 1311 4196 luit
1324 4151 1410 4196 anno
