3930 5088
568 545 629 604 140
932 555 1095 602 caosrca
1118 556 1295 600 rrn1onrrr
1319 555 1366 599 ar

562 735 715 805 restrum,
729 731 781 790 tot
794 731 829 790 et
841 723 922 789 tales
936 723 1057 810 probos
1072 734 1106 788 et
1118 723 1236 810 legales
1249 723 1400 789 homines
1411 723 1453 788 de
1462 721 1580 788 balliva
1593 731 1713 802 vestra,

562 851 621 915 per
634 849 716 914 quoa
739 825 826 892 bona
848 827 992 912 predicta
1011 826 1188 912 appreciari
1202 835 1237 891 et
1251 825 1291 890 de
1306 824 1458 891 omuibus
1473 826 1543 890 aliis
1558 827 1712 911 predictis

562 935 608 997 rei
633 931 751 997 veritas
776 929 892 994 melius
918 929 992 994 sciri
1015 929 1136 1014 poterit
1158 939 1192 994 et
1219 929 1349 1015 inquiri.
1402 930 1448 993 Et
1471 929 1552 1015 ipsis
1577 929 1713 1015 inquisi-

563 1035 688 1100 toribus
702 1033 837 1099 viriliter
856 1033 898 1097 ad
919 1033 982 1097 hoc
1003 1031 1172 1113 insistatis,
1191 1040 1290 1116 prout
1311 1032 1375 1118 ipsi
1389 1032 1483 1097 vobis
1498 1033 1579 1097 scire
1593 1033 1713 1096 facient

563 1161 603 1204 ex
618 1147 709 1224 parte
723 1147 845 1202 nostre.
889 1136 935 1201 Et
949 1136 1056 1200 taliter
1069 1157 1129 1201 ros
1143 1135 1290 1200 habeatis
1305 1135 1339 1200 in
1354 1137 1417 1200 hoc
1431 1136 1584 1201 mandato
1599 1145 1713 1201 nostro

562 1241 762 1327 exequendo,
787 1239 875 1325 quod
898 1249 1040 1305 vestram
1064 1239 1254 1304 fidelitatem
1279 1239 1396 1305 exinde
1420 1238 1595 1304 debeamus
1624 1261 1713 1304 com-

563 1341 726 1407 mandare.
768 1341 867 1406 'l'este
889 1361 942 1405 me
965 1341 1038 1426 ipsc
1064 1341 1152 1427 apud
1177 1340 1505 1406 westmonasterium
1532 1341 1633 1426 xxviij
1660 1340 1713 1405 die

562 1445 585 1510 J
587 1445 666 1524 unii,
681 1467 768 1510 anno
782 1443 872 1529 regni
888 1443 992 1509 nostri
1006 1444 1065 1509 lv⁰.

608 1546 792 1612 Predictum
809 1545 999 1610 mandatum
1013 1545 1248 1630 proclamabam
1264 1546 1326 1610 luit
1350 1567 1410 1632 per
1430 1545 1607 1611 Civitatem
1623 1545 1713 1610 Lon·

564 1649 736 1716 doniarum
748 1649 782 1714 in
797 1649 940 1714 crastino
956 1648 1287 1714 Commemorationis
1303 1647 1414 1716 Sancti
1430 1649 1532 1713 Pauli.

609 1753 668 1834 [Et
694 1752 863 1818 sciendum
892 1761 943 1817 est
972 1753 1060 1838 quod
1089 1751 1145 1817 illa
1166 1753 1236 1817 dies
1267 1752 1385 1817 Martis
1413 1751 1469 1837 qui
1500 1751 1643 1838 prefixus
1663 1760 1714 1816 est

476 1915 518 1946 eu
566 1854 818 1921 Flandrensibus
850 1855 989 1920 exeundi
1019 1876 1154 1939 regnum
1185 1855 1303 1939 Anglie
1341 1854 1439 1920 debet
1473 1855 1609 1939 intelligi
1645 1854 1714 1918 dies

413 1981 470 2011 w·
568 1959 685 2024 Martia
698 1958 866 2044 proximus
881 1968 958 2043 post
978 1958 1100 2022 festum
1119 1957 1447 2023 commemorationis
1471 1958 1581 2022 Sancti
1605 1957 1715 2022 Sancti

567 2062 669 2142 Pauli,
685 2063 806 2128 seilicet
820 2062 960 2148 septimo
976 2061 1029 2125 die
1042 2061 1134 2128 Julii.

612 2167 739 2232 Eodem
762 2175 908 2252 tempore
929 2165 1029 2231 misse
1052 2175 1130 2230 sunt
1142 2164 1248 2230 littere
1263 2163 1398 2230 Domini
1413 2164 1512 2249 Regis
1527 2163 1589 2229 sub
1603 2165 1714 2230 eadem

567 2271 671 2336 forma
704 2269 856 2334 omnibus
884 2268 1139 2334 vicecomitibus
1168 2268 1259 2353 regni
1287 2267 1423 2354 Anglie3
1457 2269 1515 2332 sed
1543 2277 1652 2333 tamen
1680 2267 1715 2332 in

566 2371 694 2450 litteris,
717 2392 780 2457 que
805 2371 905 2434 misse
928 2380 1005 2434 sunt
1030 2370 1284 2435 Vicecomitibus
1298 2371 1333 2434 in
1361 2371 1545 2456 longinquis
1570 2370 1717 2455 partibus

568 2476 785 2542 existentibus
811 2473 966 2561 prolixior
989 2473 1147 2538 terminus
1173 2474 1270 2538 datus
1296 2483 1348 2539 est
1379 2474 1631 2539 blandrensibus
1661 2497 1717 2540 ex-

567 2579 666 2645 eundi
689 2601 820 2665 aregno
835 2577 962 2664 Anglie‚
978 2577 1100 2643 scilicet
1124 2578 1283 2664 usquead
1298 2577 1475 2643 erastinum
1491 2577 1610 2644 Sancte
1625 2579 1716 2644 Mar-

566 2679 677 2767 gerite.

613 2784 741 2862 Postea,
755 2793 832 2868 post
845 2783 965 2850 festum
981 2782 1093 2849 Sancti
1106 2781 1269 2848 Johannis
1294 2782 1453 2868 Baptista,
1479 2784 1550 2847 Rex
1574 2784 1719 2864 Francis,

569 2888 646 2952 Dux
666 2887 707 2954 de
733 2885 896 2968 Branban,
920 2896 954 2952 et
973 2886 1027 2951 alii
1046 2885 1209 2971 principes
1235 2885 1276 2950 de
1311 2885 1459 2972 partibus
1485 2888 1719 2967 transmarinis,

570 2991 730 3054 miserunt
753 2990 877 3055 litteras
902 3011 977 3054 suas
1003 2989 1147 3053 Domino
1172 2987 1264 3072 Regi,
1289 2998 1438 3074 petentes
1464 2999 1502 3054 ut
1526 3001 1721 3056 mercatores

571 3112 683 3156 corum
697 3100 834 3176 possent
846 3091 956 3154 venire
970 3090 1005 3154 in
1020 3097 1137 3154 terram
1154 3111 1245 3154 ruam
1261 3090 1378 3155 morari
1399 3101 1434 3156 et
1454 3092 1541 3157 exire
1554 3113 1613 3177 per
1637 3093 1722 3157 anti·

573 3215 652 3278 quas
676 3191 927 3257 consuetudines
950 3213 1036 3272 suas,
1059 3192 1144 3257 sicut
1168 3192 1326 3272 solebant,
1348 3205 1382 3260 et
1400 3195 1470 3261 sine
1488 3195 1722 3280 impedimento

574 3293 704 3380 possint
730 3294 821 3358 lanas
844 3303 877 3357 et
902 3293 963 3359 alia
988 3292 1196 3358 mercimonia
1222 3315 1281 3358 sua
1311 3296 1428 3362 ducere
1453 3307 1544 3363 extra
1574 3319 1720 3384 regnum,

576 3400 664 3475 lcum
678 3395 742 3480 ipsi
757 3394 856 3460 nichil
871 3395 1062 3482 transgressi
1078 3405 1157 3460 sunt
1169 3416 1284 3461 versus
1300 3397 1423 3483 Regem
1447 3399 1500 3464 rel
1524 3421 1611 3465 suos.
1656 3397 1722 3464 Sed

577 3497 730 3586 puniatur
753 3497 930 3563 Comitissa
957 3497 1106 3563 Flandrie
1130 3497 1346 3578 solummodo,
1372 3507 1406 3564 et
1428 3499 1475 3564 illi
1499 3501 1554 3586 qui
1580 3510 1658 3565 sunt
1680 3500 1724 3566 de

577 3609 738 3686 potestate
760 3621 827 3664 aua.
872 3600 982 3678 Unde,
1006 3599 1118 3665 habito
1138 3600 1298 3687 colloquio
1321 3623 1429 3668 coram
1453 3603 1598 3669 Domino
1623 3606 1725 3689 Rege,

577 3701 745 3786 provisum
759 3711 821 3779 est,
835 3700 996 3779 videlicet,
1010 3701 1098 3786 quod
1124 3725 1238 3768 omnes
1262 3716 1466 3782 mercatores,
1490 3707 1634 3792 exceptis
1659 3707 1726 3771 illis

578 3804 618 3868 de
647 3811 808 3889 potestate
832 3801 1008 3867 comitisse
1032 3803 1192 3885 Flandrie,
1218 3807 1347 3890 possint
1372 3806 1488 3871 ducere
1513 3807 1603 3870 lanas
1632 3817 1725 3872 extra

577 3928 712 3991 regnum
726 3905 760 3970 in
774 3906 878 3970 forma
892 3903 1023 3990 provisa
1036 3905 1071 3969 in
1092 3907 1293 3992 parlamento
1313 3905 1425 3971 habito
1449 3905 1535 3991 apud
1557 3905 1723 3971 Westmo·

577 4006 753 4071 nasterium
768 4006 901 4072 infesto
915 4005 1149 4074 'lranslationis
1165 4009 1275 4076 Sancti
1303 4007 1454 4074 Edwardi
1478 4007 1629 4094 proximo
1650 4031 1724 4094 pre-

577 4110 692 4192 terit03
708 4132 770 4196 que
783 4111 889 4176 forma
904 4111 1023 4198 scripta
1037 4123 1088 4180 est
1103 4113 1136 4179 in
1147 4124 1239 4181 sexto
1248 4114 1325 4180 lolio
1337 4112 1435 4198 hujus
1443 4109 1517 4176 libri
1527 4112 1727 4197 precedenti,
