3930 5088
560 465 620 538 174
918 479 1079 526 cxoxxcx
1104 478 1281 523 xxxonuu
1306 475 1353 522 xx·

643 633 760 694 Annus
775 623 848 694 κθ.
864 639 997 717 quartus
1013 631 1076 695 fuit
1090 651 1195 694 annus
1210 650 1329 693 nonus.

641 734 759 798 Annus
774 725 847 798 κθ.
863 735 997 819 quintus
1011 735 1075 797 fuit
1089 755 1194 797 annus
1210 731 1366 796 decimus.

642 837 759 900 Annus
774 826 847 900 κθ.
860 844 972 901 sextus
987 835 1050 900 fuit
1064 857 1169 899 annus
1184 833 1386 898 undecimus.

640 940 758 1001 Annus
773 929 845 1002 κθ.
861 936 1020 1022 septimus
1035 936 1097 1000 fuit
1114 957 1219 1001 annus
1234 933 1458 1000 duodecimus.

640 1040 758 1105 Annus
773 1063 827 1106 xx.
842 1050 976 1106 octavus
991 1040 1055 1104 suit
1069 1060 1174 1104 annus
1189 1031 1273 1123 xiij9.

640 1141 758 1206 Annus
773 1164 827 1206 xx.
843 1163 951 1206 nonus
965 1141 1029 1206 fuit
1042 1163 1147 1204 annus
1162 1130 1261 1225 xiiij9.

598 1247 714 1309 Annus
731 1236 799 1308 M9.
812 1235 900 1310 00⁹.
913 1237 1009 1310 κκθ.
1023 1245 1056 1308 in
1072 1243 1218 1329 predicto
1234 1243 1319 1307 festo
1333 1242 1396 1306 fuit
1411 1261 1516 1305 annus
1530 1230 1602 1304 κθ.

639 1348 757 1412 Annus
771 1339 867 1411 κκθ.
882 1347 1006 1433 primus
1022 1347 1084 1410 fuit
1098 1367 1203 1409 annus
1218 1336 1304 1430 xvj⁹.

638 1451 755 1515 Annus
770 1441 863 1512 κκθ.
876 1449 1038 1514 secundus
1056 1450 1115 1512 fuit
1130 1469 1237 1513 annus
1253 1439 1348 1532 xvij⁹.

639 1553 757 1617 Annus
772 1543 866 1616 κκθ.
882 1551 997 1616 tertius
1012 1551 1075 1616 fuit
1088 1571 1194 1614 annus
1209 1541 1318 1634 xviij⁹.

637 1655 754 1718 Annus
769 1644 864 1717 κκθ.
880 1663 1015 1739 quartus
1030 1653 1093 1717 fuit
1108 1673 1213 1715 annus
1228 1643 1314 1715 κίθ.

638 1756 756 1820 Annus
771 1746 869 1820 κκθ.
884 1755 1018 1841 quintus
1033 1754 1096 1818 fuit
1110 1775 1216 1818 annus
1231 1745 1303 1818 κθ.

639 1859 756 1922 Annus
771 1849 866 1922 xxx⁹.
884 1867 996 1922 sextus
1011 1857 1074 1921 fuit
1089 1879 1194 1920 annus
1209 1848 1281 1920 xx⁹.
1296 1855 1431 1940 primus.

637 1961 755 2025 Annus
770 1951 865 2024 κκθ.
881 1960 1040 2045 septimus
1055 1961 1118 2023 fuit
1133 1981 1237 2023 annus
1253 1951 1326 2024 κθ.
1342 1958 1517 2022 secundus.

636 2062 754 2126 Annus
770 2054 864 2127 κκθ.
879 2072 1014 2128 octavus
1030 2062 1093 2125 suit
1107 2083 1212 2125 annus
1228 2052 1300 2126 xx⁹.
1316 2061 1443 2124 tertius.

638 2165 756 2229 Annus
771 2157 865 2229 κκθ.
883 2188 991 2230 nonus
1006 2164 1069 2230 fuit
1084 2187 1188 2229 annus
1204 2155 1278 2228 κθ.
1294 2174 1439 2248 quartus.

594 2269 712 2332 Annus
727 2260 889 2334 M⁹.cc⁹.
908 2268 1171 2354 quadragesimus
1186 2268 1249 2332 fuit
1263 2289 1368 2330 annus
1383 2258 1456 2330 κθ.
1471 2265 1616 2351 quintus.

643 2369 759 2433 Annus
775 2370 1037 2455 quadragesimus
1053 2371 1177 2454 primus
1192 2370 1255 2433 fuit
1268 2391 1374 2433 annus
1390 2361 1461 2434 κθ.
1478 2379 1600 2433 sextus.

638 2472 756 2535 Annus
771 2472 815 2536 xl.
831 2471 993 2536 secundus
1008 2473 1071 2536 fuit
1086 2493 1190 2535 annus
1205 2466 1278 2535 κθ.
1293 2463 1368 2557 vij⁹.

637 2575 754 2638 Annus
770 2575 814 2639 xl.
828 2574 943 2640 tertius
959 2575 1021 2638 fuit
1036 2597 1140 2638 annus
1156 2597 1210 2638 xx.
1225 2567 1311 2660 viij9.

637 2676 754 2739 Annus
769 2677 813 2741 xl.
829 2685 962 2762 quartus
976 2676 1040 2740 fuit
1053 2698 1158 2740 annus
1174 2669 1246 2740 κθ.
1260 2697 1380 2740 nonus.

637 2778 753 2840 Annus
768 2778 812 2842 xl.
828 2777 960 2862 quintus
974 2778 1038 2842 fuit
1055 2799 1160 2842 annus
1175 2769 1270 2842 κκθ.

637 2879 755 2943 Annus
770 2880 813 2943 xl.
830 2888 942 2944 sextus
953 2879 1016 2944 fuit
1030 2901 1135 2943 annus
1152 2871 1248 2943 κκθ.
1259 2879 1395 2965 primus.

637 2981 754 3046 Annus
770 2983 813 3045 xl.
829 2983 986 3066 septimus
1002 2983 1064 3046 fuit
1078 3005 1183 3046 annus
1198 3004 1274 3046 xxx.
1289 2973 1341 3066 ij9.

638 3084 756 3148 Annus
773 3084 816 3146 xl.
832 3093 968 3148 octavus
982 3083 1046 3149 fuit
1060 3107 1165 3148 annus
1182 3077 1285 3148 κκθ.
1300 3075 1364 3168 iij⁹.

636 3186 752 3248 Annus
768 3184 811 3247 xl.
827 3206 934 3248 nonus
949 3184 1012 3250 fuit
1026 3207 1130 3249 annus
1145 3205 1222 3248 xxx.
1238 3194 1381 3270 quartus.

592 3285 709 3349 Annus
724 3286 824 3350 Dom.
840 3277 908 3349 M9.
922 3277 1010 3351 00⁹.
1025 3277 1064 3351 1⁹.
1080 3287 1143 3351 fuit
1156 3308 1261 3350 annus
1276 3307 1353 3350 xxx.
1368 3285 1511 3370 quintum

636 3389 752 3452 Annus
769 3388 1052 3474 quinquagesimus
1068 3391 1191 3476 primus
1206 3390 1269 3455 fuit
1283 3411 1388 3453 annus
1402 3380 1496 3452 κκθ.
1513 3397 1634 3452 sextus.

635 3490 752 3553 Annus
764 3491 1047 3576 quinquagesimus
1060 3493 1221 3557 secundus
1233 3492 1296 3555 fuit
1304 3513 1409 3555 annus
1420 3483 1515 3553 κκθ.
1528 3491 1697 3575 septimus.

635 3592 753 3655 Annus
769 3593 1051 3677 quinquagesimus
1063 3595 1178 3660 tertius
1190 3597 1251 3660 fuit
1266 3617 1371 3659 annus
1387 3586 1481 3658 κκθ.
1496 3587 1583 3679 viij⁹.

636 3695 753 3758 Annus
769 3693 1052 3780 quinquagesimus
1068 3707 1201 3781 quartus
1216 3697 1279 3760 fuit
1293 3719 1397 3760 annus
1412 3687 1506 3760 xxx⁹.
1523 3717 1639 3761 nonus.

635 3798 753 3860 Annus
768 3795 1052 3881 quinquagesimus
1067 3797 1200 3883 quintus
1215 3799 1278 3862 fuit
1292 3821 1397 3863 annus
1412 3799 1688 3884 quadragesimus.

633 3899 754 3963 Annus
766 3897 1049 3984 quinquagesimux
1065 3910 1177 3965 sextus
1192 3901 1255 3965 fuit
1269 3923 1374 3966 annus
1389 3901 1433 3966 xl.
1448 3901 1584 3988 primus.

634 4000 752 4065 Annus
768 4000 1053 4086 quinquagesimus
1067 3993 1130 4086 vij⁹
1142 4000 1204 4066 fuit
1219 4024 1323 4066 annus
1339 4003 1382 4067 xl.
1396 4003 1569 4068 secundus.
