3920 5022
571 589 611 659 72
917 602 1079 648 onorsroa
1102 605 1280 650 uaronnn
1306 607 1350 650 ar

330 787 421 845 sm„
432 794 452 835 α
464 795 545 836 ,m
559 755 687 839 quibus,
703 761 902 818 sacramento
925 753 1073 840 prestito,
1086 754 1237 840 promisit
1261 755 1395 821 reddere
1419 756 1481 820 tria
1497 757 1622 837 Castra,
1643 781 1705 844 que

335 852 544 900 mmmm
557 856 656 921 babet
676 857 711 920 in
727 855 875 921 Marabia
888 857 1025 936 Wallie3
1048 878 1111 941 que
1129 858 1297 922 tradentur
1311 879 1369 942 per
1383 859 1555 924 consilium
1571 861 1705 926 Domini

559 957 657 1042 Regis
678 958 720 1021 ad
743 957 956 1023 custodienda
978 957 1056 1022 viris
1081 957 1122 1023 de
1147 979 1258 1044 regno,
1273 959 1329 1042 qui
1354 981 1420 1023 non
1446 971 1524 1026 sunt
1550 963 1705 1049 suspecti,

557 1081 617 1146 par
630 1069 695 1125 tres
709 1080 812 1124 annos
831 1060 1014 1125 continuos.

603 1162 687 1227 Item
701 1160 852 1248 promisit
866 1162 954 1247 quod
977 1161 1165 1247 diligentem
1188 1183 1298 1226 curam
1317 1163 1496 1243 adhiberet,
1521 1174 1560 1228 ut
1584 1166 1703 1229 milites

559 1264 599 1328 de
615 1263 762 1327 Marchia
775 1261 893 1328 Wallie
914 1264 1003 1346 quod
1025 1263 1229 1348 proriserant
1257 1264 1480 1349 adimplerent,
1495 1275 1529 1331 et
1558 1265 1622 1330 nisi
1636 1267 1704 1331 rel-

558 1365 637 1442 lent,
646 1361 710 1426 nisi
720 1361 843 1427 vellent
853 1363 923 1448 ipse
937 1364 1022 1427 foret
1030 1364 1077 1428 eis
1088 1361 1233 1448 capitalis
1241 1364 1403 1447 inimicus,
1412 1377 1447 1433 et
1460 1367 1550 1453 ipsos
1561 1389 1620 1453 pro
1631 1377 1702 1432 toto

558 1485 655 1551 posse
671 1485 730 1528 suo
746 1464 787 1528 ad
798 1463 879 1528 illud
893 1465 1076 1529 faciendum
1090 1465 1124 1530 vi
1138 1475 1172 1530 et
1186 1466 1283 1530 armis
1300 1470 1517 1554 compelleret.

602 1565 687 1630 Item
710 1565 861 1650 promisit
883 1567 971 1652 quod
1000 1567 1071 1651 ipse
1097 1589 1116 1630 a
1138 1568 1286 1652 proxima
1310 1570 1434 1636 Pascha
1455 1571 1489 1635 in
1515 1581 1579 1636 tres
1595 1591 1697 1634 annos

557 1688 680 1731 moram
696 1667 814 1732 faceret
827 1669 863 1732 in
873 1668 1001 1753 Anglia,
1016 1678 1050 1733 et
1064 1691 1131 1734 non
1146 1669 1259 1749 exiret,
1276 1670 1345 1736 sine
1359 1671 1491 1737 licentia
1506 1671 1645 1737 consilii.

601 1768 686 1834 Item
701 1768 851 1855 promisit
872 1770 960 1854 quod
982 1771 1053 1856 ipse
1078 1793 1147 1836 non
1168 1772 1343 1837 adduceret
1371 1757 1431 1840 nec
1455 1775 1612 1839 adducere
1627 1795 1702 1861 pro-

557 1881 683 1936 curaret
707 1871 901 1958 alienigenas
923 1872 959 1936 in
980 1895 1114 1958 regnum
1129 1873 1257 1959 Anglie,
1272 1875 1348 1940 etsi
1371 1877 1469 1963 aliqui
1482 1877 1641 1954 venirent,
1669 1886 1703 1942 et

556 1974 627 2059 ipse
641 1996 700 2058 per
714 1975 884 2039 consilium
900 1975 1037 2041 Domini
1052 1975 1150 2061 Regis
1165 1977 1282 2041 fuisset
1294 1976 1370 2042 inde
1384 1977 1600 2062 premunitus,
1614 1977 1701 2061 quod

556 2077 611 2157 ille
633 2075 723 2162 ipsos
748 2097 808 2161 pro
832 2085 903 2141 toto
927 2099 1025 2164 posse
1054 2099 1114 2143 suo
1137 2086 1346 2164 expugnaret.
1404 2079 1451 2143 Et
1464 2079 1506 2142 ad
1519 2078 1581 2143 bec
1594 2077 1703 2141 omnia

556 2177 694 2243 fideliter
718 2178 920 2243 observanda
947 2179 1102 2264 obligavit
1128 2201 1173 2260 se,
1189 2180 1277 2264 quod
1300 2200 1414 2245 omnes
1429 2190 1513 2244 terre
1528 2201 1597 2257 sue,
1612 2190 1702 2244 tene·

556 2289 676 2361 menta,
687 2281 839 2360 honores,
854 2290 888 2346 et
899 2281 1083 2366 dignitates,
1095 2303 1174 2366 quas
1186 2281 1346 2348 habetvel
1360 2302 1439 2366 quaa
1454 2280 1625 2344 habiturus
1640 2290 1702 2370 est,

557 2382 584 2446 si
599 2391 711 2448 contra
733 2382 873 2467 aliquem
900 2383 940 2446 de
964 2381 1117 2467 predictis
1143 2383 1286 2448 articulis
1309 2385 1444 2462 veniret,
1459 2391 1493 2447 et
1518 2382 1581 2445 boo
1604 2381 1702 2446 fuerit

556 2483 727 2550 manifeste
753 2484 959 2564 declaratum,
974 2483 1188 2549 incurrantur.
1233 2486 1279 2550 Et
1301 2487 1342 2550 ad
1361 2483 1517 2568 majorem
1542 2481 1639 2567 hujus
1654 2485 1701 2548 rei

556 2586 760 2652 securitatem
787 2584 952 2650 Dominus
977 2584 1141 2651 Henricus
1165 2586 1207 2650 da
1220 2586 1413 2652 Alamannia
1437 2584 1549 2670 posuit
1563 2607 1598 2650 se
1613 2585 1702 2650 obsi-

555 2689 640 2769 dem,
656 2699 773 2774 sponte
789 2710 857 2767 sua,
882 2710 942 2773 pro
970 2687 1116 2773 predicto
1142 2691 1288 2755 Domino
1313 2689 1485 2768 Eduardo,
1509 2697 1544 2752 et
1568 2709 1639 2753 esse
1663 2688 1699 2751 in

555 2791 703 2856 custodia
727 2790 863 2855 Domini
889 2790 1026 2856 Henrici
1051 2791 1092 2856 de
1118 2791 1237 2858 Monte
1263 2793 1353 2858 Forti
1378 2811 1482 2876 usque
1507 2789 1548 2853 ad
1562 2788 1701 2853 Vincula

556 2893 666 2959 Sancti
681 2893 791 2973 Petri3
813 2902 847 2958 et
861 2892 900 2972 si,
910 2893 1051 2972 interim,
1060 2893 1175 2979 aliquis
1190 2895 1349 2960 exercitus
1364 2891 1612 2977 alienigenarum
1627 2913 1700 2975 pre-

552 2996 713 3080 paraverit
727 3017 762 3060 se
775 2995 927 3060 veniendi
950 3018 1025 3060 cnm
1051 2996 1149 3061 armis
1163 2996 1197 3061 in
1212 2997 1373 3084 Angliam,
1387 3006 1465 3060 tunc
1479 2993 1566 3058 idem
1581 2992 1701 3059 Henri-

553 3120 611 3162 eus
626 3096 806 3162 remanebit
831 3096 926 3161 obses
951 3095 986 3160 in
1010 3097 1124 3163 eadem
1149 3100 1296 3164 custodia
1309 3121 1413 3186 usque
1427 3099 1468 3162 ad
1482 3098 1603 3161 festum
1617 3097 1699 3162 Om-

553 3201 645 3263 nium
671 3199 864 3264 Sanctorum
884 3197 1070 3283 proximum
1096 3222 1235 3285 sequens
1270 3224 1330 3287 pro
1355 3200 1500 3266 Domino
1526 3199 1698 3277 Eduardo,

552 3311 592 3365 ut
612 3299 741 3365 interim
765 3299 872 3387 possit
897 3298 982 3380 sciri,
997 3302 1134 3387 qualiter
1148 3303 1313 3368 Dominus
1340 3303 1523 3368 Edwardus
1537 3322 1647 3386 gerere
1663 3321 1697 3365 se

551 3401 689 3468 voluerit
703 3411 815 3467 contra
825 3402 989 3489 predictos
1004 3402 1208 3490 alienigenas.
1430 3447 1435 3456 ·

330 3546 364 3592 E,
379 3544 497 3592 meum
508 3551 539 3592 a,
594 3503 722 3568 Eodem
758 3504 822 3584 die,
857 3505 1057 3589 divulgatum
1094 3507 1167 3586 fuit,
1203 3507 1292 3593 quod
1328 3506 1495 3592 provisum
1531 3512 1591 3581 est,
1624 3503 1699 3587 quia

328 3610 390 3684 9¹5⁰&
401 3624 538 3684 mmm·
550 3605 714 3671 Dominus
730 3607 802 3671 Rex
815 3615 890 3670 ante
915 3607 1051 3693 prelium
1075 3608 1116 3673 de
1142 3609 1266 3673 Liewes
1291 3629 1349 3691 per
1372 3605 1542 3671 consilium
1564 3624 1697 3667 suorum

328 3674 536 3856 &W
550 3709 750 3774 diffidaverat
774 3708 919 3774 Comites
942 3709 1145 3775 Glouoestrie
1168 3719 1203 3775 et
1225 3706 1620 3870 Leioestrie,eteoqnqq11i
1649 3707 1696 3771 eis

321 3850 327 3862 ι
354 3819 374 3847 ιι
384 3818 421 3849 sua
1041 3810 1048 3824 ⁹
1109 3810 1117 3825 ·
1232 3809 1239 3824 '
1471 3826 1491 3869 0
1603 3806 1609 3820 ⁸

321 3808 1527 4006 nnc,:litttlttttttsstllttltttssltfttffl
1543 3807 1696 3974 sti:

326 3995 537 4118 ,lssf'lgqffipffl
549 4014 691 4079 articulis
714 4013 748 4078 in
770 4012 871 4080 literis
886 4012 954 4078 suis
968 4010 1166 4098 obligatoriis
1181 4023 1216 4080 et
1228 4012 1263 4079 in
1277 4011 1378 4080 literis
1393 4012 1529 4078 Domini
1544 4011 1696 4079 Edwardi

326 4123 393 4173 litto·
548 4116 719 4184 contentis.
