3930 5088
520 645 776 692 vrcaoorrrruu
803 639 1088 687 nonnosrsnuu.
1326 611 1387 673 10³

239 796 460 862 mercatoriam
500 797 665 863 terminari
708 796 816 862 solent
852 795 887 859 in
924 791 1035 878 burgis
1079 800 1114 855 et
1154 786 1253 852 feriis.
1328 782 1390 860 Ita,

240 909 362 980 tamen,
398 902 485 986 quod
521 922 580 986 per
610 909 750 986 quatuor
788 898 839 963 vel
875 897 1018 984 quinque
1054 894 1096 959 de
1132 890 1268 956 Civibus
1299 886 1391 951 Lon-

241 1001 411 1068 donisrum
439 1003 603 1090 predictis,
632 1003 688 1088 qui
719 1011 900 1088 'presentes
933 999 1055 1064 fuerint
1086 996 1121 1061 in
1151 993 1246 1059 dictis
1278 989 1390 1075 burgis
1403 1008 1411 1042 ι
1414 1007 1453 1068 fo.
1465 1005 1512 1054 109
1523 1011 1556 1054 μ’.

241 1105 294 1169 vel
307 1104 407 1185 feriis,
421 1105 636 1170 terminentur
650 1104 778 1191 querele
801 1104 866 1183 illa,
890 1101 987 1167 salvis
1012 1099 1107 1165 nobis
1134 1092 1391 1162 amerciamentis

241 1208 318 1273 inde
342 1231 546 1295 quocumque
572 1210 670 1275 modo
700 1206 986 1295 provenientibus3
1016 1205 1056 1269 de
1086 1201 1204 1290 quibus
1233 1198 1328 1264 nobis
1358 1208 1392 1261 et

241 1311 414 1378 heredibus
430 1335 528 1399 super
540 1334 670 1398 gravem
685 1312 922 1376 forisfacturam
936 1319 1080 1374 nostram
1101 1305 1238 1371 fideliter
1256 1325 1390 1390 respon·

241 1414 376 1480 debant
421 1414 650 1480 concessimus
666 1413 763 1478 etiam
778 1412 900 1476 eisdem
917 1411 1053 1477 Civibus
1068 1406 1391 1495 nostrisquitanciam

242 1516 365 1580 murdri
379 1517 463 1580 inire
488 1515 663 1580 Civitatem
686 1513 866 1600 predictam
889 1512 976 1577 etin
1002 1511 1193 1576 Portsokne.
1238 1509 1285 1574 Et
1303 1508 1392 1592 quod

243 1619 354 1683 nullus
381 1617 510 1682 Civium
528 1619 673 1704 ipsorum
698 1617 797 1681 faciat
819 1615 972 1680 duellum.
1016 1615 1063 1680 Et
1086 1615 1173 1700 qaod
1199 1613 1239 1677 de
1265 1611 1392 1698 placitis

245 1722 287 1785 ad
325 1743 478 1786 coronam
519 1719 768 1807 pertinentibus,
814 1719 854 1783 de
905 1717 968 1782 hiis
1018 1717 1161 1783 maxime
1209 1737 1272 1801 que
1311 1715 1396 1778 infre

246 1822 411 1888 civitatem
440 1823 619 1908 predictum
649 1833 683 1887 et
711 1822 783 1907 ejus
824 1819 1016 1885 suburbium
1053 1819 1123 1886 fieri
1152 1819 1329 1904 continget,
1360 1839 1395 1882 se

244 1925 374 2011 possint
427 1925 637 1990 disrationare
682 1923 862 1989 secundum
913 1923 1078 2009 antiquam
1125 1922 1394 1988 consuetudinem

248 2027 398 2092 Civitatis
434 2027 589 2112 predicte.
671 2023 733 2104 Eo,
766 2035 886 2104 tamen,
921 2037 1069 2110 excepto,
1098 2026 1185 2112 quod
1215 2047 1313 2112 super
1343 2036 1396 2089 tu-

247 2129 354 2195 mulos
369 2141 584 2208 mortuorum,
599 2129 640 2194 de
663 2151 703 2194 eo
719 2128 807 2214 quod
823 2127 940 2193 dicturi
963 2139 1075 2194 essent
1099 2128 1230 2209 mortui,
1256 2129 1284 2192 si
1308 2128 1397 2193 vive·

248 2242 332 2310 rent,
347 2253 414 2295 non
439 2230 535 2296 licent
556 2231 682 2317 precise
703 2232 823 2316 jurare,
841 2241 892 2296 set
915 2230 988 2295 loco
1013 2240 1226 2311 mortuorum,
1242 2232 1297 2317 qui
1320 2241 1395 2297 ente

249 2335 376 2400 obitum
391 2356 485 2398 suum
501 2333 595 2400 electi
614 2335 736 2400 fuerint
748 2333 789 2398 ed
815 2354 871 2398 eos
887 2332 1157 2415 disrationandus,
1171 2335 1228 2420 qui
1243 2336 1283 2399 de
1298 2334 1395 2400 rebus

249 2438 291 2502 sd
319 2458 472 2502 coronam
502 2436 723 2522 spectantibus
753 2435 907 2522 appellati
935 2436 1057 2502 fuerint
1079 2437 1132 2502 vel
1160 2438 1319 2518 arrectati‚
1342 2437 1396 2502 ulii

251 2539 347 2605 liberi
361 2551 395 2604 et
408 2539 526 2626 legales
542 2540 712 2626 eligantur,
728 2539 783 2625 qui
797 2539 884 2605 idem
900 2539 970 2604 aine
985 2540 1138 2606 dilatione
1153 2541 1282 2623 socient,
1309 2541 1396 2627 quod

248 2664 307 2728 per
332 2642 507 2707 defunctos
542 2651 750 2721 memoratos,
781 2641 809 2706 si
831 2642 988 2722 viverent,
1017 2643 1087 2708 fieri
1116 2655 1289 2730 oporteret
1340 2645 1396 2725 Et,

249 2745 358 2824 etiarn,
373 2745 461 2829 quod
484 2745 568 2808 inire
593 2765 704 2808 muros
722 2743 873 2808 Civitatis
887 2744 940 2809 vel
954 2746 1051 2810 etiarn
1066 2747 1101 2810 in
1117 2747 1309 2826 Portsolrne,
1324 2747 1397 2811 nul-

249 2847 300 2912 lus
312 2848 417 2932 capiet
430 2845 611 2931 hospitium
627 2866 684 2931 per
697 2844 765 2908 vim
780 2845 832 2908 vel
842 2844 1065 2911 liberationem
1081 2847 1275 2913 Marescalli.
1309 2848 1398 2914 Cou-

250 2950 407 3014 cessimus
437 2949 535 3013 etiam
564 2947 686 3012 eisdem
715 2944 861 3025 Civibus,
881 2947 969 3032 quod
998 2968 1057 3033 per
1085 2959 1188 3015 totam
1217 2961 1335 3016 terram
1364 2962 1398 3016 et

250 3060 447 3138 potestatem
473 3060 630 3128 nostram,
645 3049 703 3114 ubi
726 3048 877 3113 venerint
901 3048 978 3113 aiibi
1002 3073 1076 3116 cum
1091 3051 1189 3117 rebus
1204 3063 1238 3119 et
1252 3075 1397 3118 mercan-

252 3152 330 3217 disis
348 3151 427 3232 suis,
438 3165 473 3216 et
486 3152 583 3217 etiam
598 3173 657 3237 per
671 3172 786 3217 omnes
797 3159 912 3236 portus
922 3153 1018 3217 maris
1030 3163 1097 3218 tam
1113 3154 1193 3220 citra
1200 3175 1288 3220 mere
1300 3176 1397 3240 quem

250 3255 346 3333 ultre,
360 3254 461 3339 quieti
476 3255 544 3321 sint
567 3256 607 3320 de
632 3254 797 3320 theolonio
812 3264 847 3319 et
871 3254 1006 3341 lestagio
1026 3266 1061 3321 et
1074 3257 1164 3322 omni
1178 3259 1240 3323 alin
1261 3282 1399 3326 consue-

251 3355 376 3435 tudine,
384 3367 521 3442 excepta
535 3356 655 3443 ubique
666 3356 776 3421 debita
786 3367 820 3422 et
834 3357 967 3443 antiqua
981 3359 1068 3444 prisa
1082 3371 1194 3426 nostra
1202 3362 1280 3444 vini,
1291 3363 1398 3444 unius,

250 3458 412 3539 videlicet,
438 3459 551 3524 tonelli
576 3469 652 3524 ante
678 3459 811 3540 malum,
834 3469 869 3525 et
882 3460 1013 3524 alterius
1028 3472 1115 3527 retro
1130 3465 1261 3542 melum,
1277 3488 1336 3552 per
1349 3467 1398 3532 vi-

251 3562 336 3648 ginti
358 3562 479 3627 solidos
505 3583 565 3648 pro
588 3563 711 3628 tonello
728 3562 913 3642 solvendos,
926 3561 961 3625 in
977 3563 1156 3650 formaque
1171 3565 1243 3632 Nos
1258 3580 1397 3634 etente-

251 3687 395 3731 cessores
410 3665 515 3729 nostri
536 3665 634 3750 hujus
659 3665 764 3750 prisea
779 3664 898 3730 habere
916 3667 1155 3733 consuevimus.
1200 3668 1247 3734 Et
1261 3671 1289 3736 si
1310 3673 1397 3758 'quis
1411 3703 1603 3767 rf„109„„„

251 3769 286 3833 in
306 3769 412 3854 alique
426 3778 584 3833 terrarum
606 3777 800 3849 nostrarum,
815 3769 896 3833 citra
913 3790 1001 3833 mare
1014 3769 1067 3834 vel
1081 3771 1176 3852 ultra,
1192 3772 1307 3839 sivein
1322 3797 1398 3860 por·

251 3870 351 3935 tubus
367 3870 462 3934 maris
478 3871 557 3936 citra
572 3891 658 3935 mare
669 3871 721 3935 vel
735 3871 951 3952 adtrecontra
965 3873 1049 3939 hanc
1064 3875 1305 3942 concessionem
1321 3902 1398 3946 nos-

252 3983 336 4036 tram
351 3972 552 4038 theolonium
566 3973 619 4038 vel
634 3973 772 4060 aliquem
797 3977 892 4040 eiiam
907 3978 1179 4043 consuetudinem
1194 3979 1235 4044 ab
1258 3980 1398 4050 homini·

252 4073 314 4138 bus
327 4073 570 4139 Londoniarum
582 4078 714 4162 ceperit,
729 4095 864 4164 excepta
874 4079 962 4164 prise
972 4079 1127 4165 predicte,
1138 4091 1312 4169 postquem
1326 4087 1397 4172 ipse

253 4199 274 4244 e
301 4187 389 4242 rectu
420 4176 584 4257 defecerit,
612 4179 829 4247 vicecomites
870 4180 1115 4248 Londoniarum
1149 4186 1294 4253 namium
1323 4189 1399 4257 inde
