3920 5022
306 3281 342 3328 De
353 3279 427 3355 rotello
438 3277 479 3348 io-¹

305 3352 370 3392 vecto
381 3359 409 3390 ss
455 3343 497 3391 νώ

306 3409 363 3455 roba
373 3407 474 3454 Domini

306 3473 452 3534 Repr'rcpud

312 3537 486 3584 Wicdtutom.

519 538 564 596 30
879 548 1042 592 cnorucn
1066 546 1244 591 unrocus«
1270 545 1315 590 rr

519 703 608 766 mino
633 701 720 785 Rege
741 719 798 786 per
818 710 1007 785 preceptum
1032 720 1139 778 suum,
1165 698 1207 763 sd
1231 696 1445 775 scaccarium,
1464 695 1577 781 posuit
1600 692 1675 758 illos

518 805 559 868 cd
574 805 744 883 rationem,
758 803 931 887 conjurans
947 825 1003 867 eos
1019 801 1053 866 in
1067 801 1143 880 fide,
1154 823 1218 887 qus
1232 809 1386 866 tenentur
1396 799 1437 879 ci,
1449 810 1488 863 ut
1501 797 1673 863 certifices-

518 916 592 972 sent
615 906 724 991 ipsum
748 904 927 970 secundum
951 903 1164 970 conscientias
1189 926 1314 985 eorum,
1330 903 1357 968 si
1374 901 1518 988 predicte
1540 910 1672 964 monete

518 1008 602 1073 foret
616 1007 706 1070 utilis
725 1006 766 1070 sd
781 1027 954 1070 commune
979 1005 1189 1070 commodum
1212 1004 1302 1090 regni
1325 1005 1386 1084 sui,
1406 1025 1448 1067 sn
1471 1025 1549 1068 non.
1594 1001 1673 1079 Qui,

518 1109 630 1176 habito
645 1109 781 1175 consilio
802 1119 836 1174 et
855 1107 1015 1194 colloquio
1036 1107 1123 1172 inter
1145 1116 1366 1188 sevenerunt
1390 1127 1500 1172 coram
1521 1106 1610 1190 Rege
1624 1104 1673 1169 di-

518 1223 641 1292 centes,
663 1217 685 1250 “
695 1212 793 1278 Quod
815 1212 984 1297 perillam
1007 1221 1172 1277 monetam
1194 1221 1307 1296 posset
1325 1232 1479 1296 magnum
1494 1209 1672 1293 dampnum

518 1316 686 1402 pervenire
708 1336 807 1400 regno
830 1336 890 1378 suo
912 1325 946 1378 et
968 1315 1109 1379 maxime
1128 1313 1324 1400 pauperibus
1345 1313 1436 1398 regni
1458 1312 1519 1391 sui,
1535 1331 1673 1396 quorum

518 1419 731 1505 plurimorum
746 1417 861 1483 catalls
874 1439 941 1482 non
950 1417 1060 1482 valent
1069 1439 1171 1482 unum
1186 1439 1331 1483 curcum.
1376 1418 1422 1481 Et
1434 1415 1568 1501 insuper
1582 1415 1674 1479 dixe-

518 1533 595 1588 runt
610 1521 698 1608 quod
712 1542 827 1586 eurum
852 1541 911 1606 per
925 1520 1009 1584 hanc
1035 1530 1199 1586 monetam
1219 1521 1359 1585 multum
1373 1520 1471 1585 vilius
1489 1517 1672 1598 haberetur,

520 1647 594 1690 cum
606 1625 641 1689 in
652 1634 703 1688 tot
717 1647 832 1688 manus
847 1624 902 1689 ills
916 1633 1048 1687 moneto
1062 1622 1207 1709 disperse
1220 1624 1354 1702 fuisset3
1375 1623 1463 1708 quod
1474 1643 1562 1686 nunc
1573 1631 1673 1707 petet,

521 1728 596 1815 quic
610 1750 725 1793 surum
741 1727 781 1792 de
795 1727 885 1805 folio,
900 1727 988 1813 quod
1011 1747 1138 1812 semper
1153 1725 1278 1792 solebat
1291 1727 1397 1790 volere
1413 1726 1523 1792 decem
1539 1745 1674 1803 merces,

521 1853 609 1896 nunc
624 1854 691 1897 uon
706 1831 794 1896 velet
808 1830 871 1894 nisi
887 1853 1005 1896 novem
1017 1851 1140 1895 msrcss
1156 1831 1207 1896 rel
1222 1831 1329 1895 octo.”
1351 1830 1460 1909 Unde,
1471 1829 1583 1894 multis
1598 1829 1675 1893 ruti-

522 1934 640 2000 onibus
656 1934 796 1998 ostensis
813 1934 901 2019 quod
915 1933 970 1999 ills
984 1943 1115 1999 moncts
1129 1956 1196 1999 non
1210 1935 1274 1998 fuit
1287 1934 1387 2015 utilis,
1402 1933 1485 1998 dixit
1509 1933 1673 1998 Dominus

523 2039 605 2117 Rex,
620 2037 735 2102 “Volo
747 2035 835 2122 quod
849 2036 913 2101 istc
935 2046 1066 2100 monete
1087 2047 1204 2117 curret,
1219 2038 1370 2103 denarius
1389 2059 1449 2123 pro
1466 2036 1576 2122 viginti
1593 2045 1674 2101 ster-

522 2140 630 2226 lingis‚
641 2139 686 2203 ite
700 2139 787 2224 quod
810 2139 919 2203 nullus
934 2150 1067 2224 cogatur
1081 2140 1122 2204 ed
1144 2141 1235 2205 illurn
1250 2141 1454 2227 capiendum,
1464 2150 1498 2205 et
1512 2140 1567 2225 qui
1582 2139 1673 2202 illum

522 2243 645 2328 ceperit
666 2241 771 2328 possit
790 2242 882 2306 illurn
897 2242 1104 2323 escsmbisre,
1117 2243 1175 2308 ubi
1188 2244 1337 2324 voluerit,
1353 2244 1422 2309 sinc
1437 2242 1615 2321 occasione,
1629 2251 1674 2320 et,

524 2346 552 2410 si
566 2345 716 2424 volucrit,
732 2345 842 2411 veniet
863 2346 904 2409 sd
927 2346 1130 2411 excambium
1153 2357 1314 2427 nostrum,
1328 2357 1363 2411 ct
1375 2345 1509 2411 hebebit
1520 2367 1580 2432 pro
1594 2367 1675 2432 quo·

523 2447 604 2512 libet
617 2469 715 2512 aureo
730 2447 842 2512 decem
857 2458 891 2511 et
902 2469 1020 2512 novem
1035 2447 1182 2514 denarios
1193 2459 1227 2515 et
1241 2449 1406 2515 obolum.’'

570 2549 645 2614 Hoc
656 2570 753 2627 enno,
765 2549 818 2614 die
832 2550 927 2614 Lune
943 2549 1091 2635 proximo
1103 2561 1179 2636 post
1193 2552 1441 2632 festum28encti
1453 2551 1592 2630 Hillarii,
1601 2571 1675 2635 pro-

523 2651 631 2716 visum
646 2651 709 2716 fuit
723 2651 1023 2738 quisVicccomites
1038 2654 1276 2738 provoluntate
1288 2677 1347 2718 sue
1359 2663 1515 2738 ceperunt
1525 2653 1566 2717 de
1577 2654 1676 2718 denc-

524 2754 580 2820 riis
595 2765 810 2821 mercatorum
825 2755 865 2820 de
877 2755 1089 2835 Normannia,
1101 2757 1157 2842 qui
1166 2757 1290 2823 ducunt
1301 2757 1468 2824 Wisedem
1477 2757 1511 2820 in
1525 2755 1676 2834 Ciuitate,

524 2880 584 2944 pro
598 2857 729 2924 licentis
741 2859 891 2924 habende
901 2859 942 2924 ed
953 2859 1041 2924 illem
1055 2859 1294 2946 hospitandam,
1304 2860 1391 2925 unde
1401 2861 1447 2925 illi
1460 2861 1596 2924 nimium
1607 2862 1676 2925 luc-

524 2970 603 3025 runt
610 2961 742 3046 gravati,
753 2962 840 3047 quod
856 2961 896 3026 de
908 2971 1015 3027 cetero
1029 2962 1093 3047 ipsi
1107 2974 1247 3048 possunt
1262 2965 1378 3030 ducere
1390 2963 1556 3030 Wisedem
1573 2985 1676 3041 susm,

525 3072 559 3127 et
570 3062 695 3127 debunt
706 3063 747 3126 de
759 3061 904 3147 quolibet
914 3064 1013 3126 fraelo
1026 3074 1151 3148 septem
1165 3067 1298 3146 solidos,
1308 3067 1363 3132 ills
1375 3089 1433 3151 pro
1444 3066 1574 3131 licentia
1583 3065 1679 3130 Vice-

527 3164 711 3243 comitibus,
726 3174 862 3248 excepto
877 3161 973 3228 obolo
989 3165 1029 3229 dc
1044 3167 1190 3251 quolibet
1203 3171 1364 3255 quarterio
1376 3171 1416 3236 de
1432 3169 1677 3235 consuetudine.

573 3268 648 3332 Hoc
671 3288 758 3331 anno
781 3276 856 3332 ante
870 3267 991 3334 festum
1018 3271 1256 3340 Purificetionis
1279 3275 1374 3341 beate
1400 3275 1505 3340 Merie
1524 3275 1677 3338 inventus

420 3359 455 3390 ’Μ
497 3370 506 3379 “
528 3370 591 3435 fuit
605 3370 736 3456 quidam
751 3370 877 3434 rotulus
892 3371 925 3436 in
938 3373 1123 3442 werderobe
1137 3377 1272 3443 Domini
1299 3379 1397 3464 Regis
1419 3378 1506 3463 spud
1521 3376 1678 3462 Wyndle·

530 3496 648 3555 sorem,
660 3473 816 3560 sigillatus
830 3476 924 3543 viridi
940 3500 1022 3558 cera,
1037 3492 1070 3545 et
1084 3480 1288 3545 nesciebatur
1302 3482 1375 3567 quis
1389 3481 1481 3545 illum
1496 3480 1542 3545 ibi
1556 3480 1678 3565 posuit,

529 3577 563 3641 in
589 3599 654 3663 quo
680 3577 930 3643 continebantur
954 3581 1050 3645 multi
1073 3582 1199 3647 articuli
1219 3605 1317 3669 super
1343 3583 1523 3661 Maiorem3
1546 3583 1679 3662 scilicet,

529 3680 617 3767 quod
632 3679 756 3744 Civitas
771 3679 856 3744 ultre
870 3683 1004 3747 modum
1019 3693 1149 3769 gravate
1163 3687 1225 3750 fuit
1239 3709 1298 3772 per
1310 3686 1420 3772 ipsum
1435 3695 1469 3750 et
1480 3685 1679 3750 consiliarios

530 3804 618 3862 suos,
642 3781 737 3847 utin
760 3782 888 3868 tallagio
918 3795 951 3850 ct
974 3785 1044 3849 aliis
1073 3787 1198 3871 injuriis
1227 3810 1286 3874 per
1313 3789 1403 3875 ipsos
1432 3788 1535 3852 lectis.
1581 3786 1680 3851 Unde

529 3885 693 3951 Dominus
724 3885 795 3949 Rex
819 3885 933 3951 volens
959 3887 1040 3952 scire
1061 3889 1159 3974 hujus
1184 3891 1353 3955 veritatem
1383 3891 1473 3954 misit
1499 3888 1679 3953 Londoniis

529 3989 714 4058 Johannem
731 3988 884 4055 Meunsel
898 3990 932 4056 in
949 3990 1169 4059 Conuersione
1185 3993 1296 4059 Sancti
1312 3994 1414 4074 Pauli,
1429 3993 1485 4078 qui
1499 3991 1576 4056 fecit
1591 4013 1680 4056 sum-

529 4089 654 4156 moneri
670 4089 870 4168 Follresmot
893 4092 946 4159 die
968 4095 1142 4162 Dominica
1165 4098 1333 4183 sequenti3
1355 4094 1488 4183 quadie
1511 4093 1581 4179 ipre
1596 4093 1680 4158 ¹lecit
