3930 5088
555 641 810 688 vronoourvorr
836 640 1122 686 nonnonrnnou.
1351 625 1412 683 163

266 794 328 866 ⁰⁸¹>
350 795 384 852 tt
405 789 502 856 ambo
515 789 550 856 in
565 791 783 859 miaerioordia
796 792 935 858 Domini
948 791 1058 877 Regis.
1102 789 1253 856 Secundo
1267 809 1345 854 vero
1360 788 1413 853 die

266 896 344 972 poet
371 891 491 958 festum
521 893 634 960 Sancti
663 894 794 961 Andree
828 893 928 960 Cives
958 894 1125 979 elegerunt
1154 891 1336 958 Henrioum
1373 890 1413 954 de
1427 906 1574 955 nmmo

267 987 431 1059 Coventre
453 1004 488 1060 et
513 995 709 1062 Niobolanm
723 995 828 1062 filium
844 995 983 1062 Galiridi
998 995 1039 1061 de
1054 992 1235 1073 wintonia,
1249 1002 1288 1058 ut
1302 1001 1414 1058 essent
1425 972 1634 1088 ssffil‘ffffl„

266 1089 482 1161 Vioeoomitea
496 1117 555 1182 per
567 1097 734 1163 residuum
756 1098 843 1163 illius
868 1097 956 1177 anni,
980 1106 1013 1162 et
1034 1093 1212 1182 presentati
1225 1095 1358 1159 fuerunt
1371 1093 1412 1157 ad
1427 1083 1575 1176 &fotid
1630 1167 1634 1176 ¹

266 1192 481 1279 Soaeoarium,
502 1208 537 1266 et
557 1199 677 1266 ibidem
692 1200 837 1265 admissi.
883 1199 1031 1264 Predioto
1044 1220 1122 1264 vero
1137 1198 1235 1263 Patro
1252 1195 1364 1282 Cosyn
1379 1204 1413 1260 et
1430 1165 1633 1278 bimam*

265 1297 355 1363 rocio
369 1321 429 1366 ruo
443 1303 649 1368 venientibus
658 1302 700 1368 ad
712 1302 925 1382 Soaeoarium,
937 1303 1094 1380 Berones,
1104 1301 1179 1387 quia
1191 1300 1256 1386 ipsi
1269 1298 1412 1365 invenie-

263 1397 386 1466 bantin
397 1405 512 1469 rotulis
522 1404 589 1469 auis
600 1404 763 1491 quendam
771 1405 1002 1470 Vioeoomitem
1013 1404 1269 1482 londoniarum,
1281 1402 1412 1479 scilicet,

264 1501 432 1570 Simonem
458 1505 561 1572 filium
585 1508 700 1588 Mario,
726 1508 783 1596 qui
805 1529 865 1594 pro
890 1531 956 1573 una
980 1508 1049 1573 sola
1073 1506 1292 1573 misericordia
1315 1504 1412 1570 volvit

262 1607 326 1668 xxti
352 1605 450 1673 librar
465 1611 610 1695 argenti3
633 1611 863 1698 quodquidam
879 1610 990 1690 Cives,
1005 1609 1186 1676 deferentes
1204 1619 1307 1674 oartaa
1324 1629 1410 1686 suaa,

263 1705 574 1794 calumpniaverunt‚
583 1711 740 1794 dieentes,
748 1718 770 1752 “
776 1714 863 1799 qnod
875 1713 972 1778 ambo
984 1711 1200 1776 Vioeoomitaa
1211 1731 1278 1775 non
1289 1709 1411 1774 debent

262 1811 426 1876 amoreiari
440 1836 500 1899 pro
514 1837 581 1881 uno
597 1815 714 1882 delicto
728 1817 902 1904 plusquam
916 1837 971 1880 xx.
985 1813 1116 1880 libraa.”
1148 1813 1247 1881 Quod
1261 1811 1406 1898 positum

262 1921 315 1976 eat
335 1913 369 1978 in
384 1929 544 2003 respecto,
558 1920 664 1985 donee
677 1919 793 1986 melina
809 1920 928 1985 aoiatur
943 1919 983 1984 de
998 1919 1126 2004 aeyeina
1141 1916 1249 2003 Regiv.
1294 1916 1409 1981 Petma

262 2023 371 2080 autam
386 2018 580 2086 inrotnlatus
595 2029 647 2087 eat
659 2020 695 2086 in
709 2020 821 2087 debito
837 2021 877 2085 de
892 2043 945 2084 xx.
961 2019 1063 2085 libris.

306 2117 559 2187 Memorandnm
574 2122 662 2208 quod
675 2144 735 2208 per
747 2122 969 2208 provisionem
992 2120 1128 2186 Maiori·
1151 2130 1185 2188 et
1206 2119 1409 2206 quorundam
1422 2138 1458 2214 ng
1469 2138 1629 2199 prenavi-

262 2229 450 2304 magnatum
478 2221 641 2303 Civitatis,
664 2224 706 2290 da
741 2223 886 2309 illisqui
912 2225 1045 2289 fuorunt
1064 2222 1144 2289 foria
1165 2220 1299 2286 bannati
1319 2231 1409 2286 extra
1420 2209 1475 2251 “⁴¹'‘

263 2319 437 2390 Civitatem
452 2348 511 2411 per
523 2335 714 2412 preoeptum
729 2326 866 2392 Domini
881 2327 990 2412 Regia,
1004 2335 1085 2391 tuno
1099 2325 1255 2410 temporis
1270 2333 1409 2410 quatuor

260 2425 354 2489 annia
374 2427 502 2513 elapsis,
527 2429 613 2495 aient
630 2438 821 2515 prenotatur
843 2430 878 2494 in
899 2430 963 2496 hoo
984 2428 1079 2509 libro,
1104 2428 1191 2515 eapti
1205 2437 1283 2493 aunt
1297 2449 1409 2515 quam·

259 2528 369 2612 plures
395 2539 430 2595 et
452 2531 640 2599 incarcerati
654 2533 741 2619 apud
756 2534 916 2618 Neugnte,
931 2533 1035 2599 donee
1050 2531 1170 2599 uniatur
1185 2553 1250 2618 quo
1265 2539 1407 2597 waranto

259 2628 324 2715 ipsi
351 2630 518 2698 redierunt
544 2634 580 2698 in
610 2633 784 2700 Civitatem
814 2655 938 2699 moram
974 2633 1096 2698 ibidem
1131 2633 1305 2712 facientem
1342 2632 1408 2718 qui,

259 2740 385 2815 postea,
400 2731 566 2797 deliberati
581 2741 670 2812 aunt,
684 2732 871 2819 abjurantes
886 2733 1059 2800 Civitatem
1068 2754 1171 2818 usque
1182 2733 1408 2798 adadventum

261 2832 397 2896 Domini
412 2833 521 2918 Regia.

304 2933 380 2997 Hoo
408 2955 495 2998 anno
519 2933 689 3000 Johannea
714 2933 756 2999 de
782 2933 894 3019 Burgo
920 2933 1030 2999 aenior
1053 2933 1188 3001 intravit
1211 2934 1247 2998 in
1276 2934 1405 2998 Turrim
1419 2958 1612 3011 neronam

261 3035 505 3101 Iondoniarum
534 3057 609 3102 oum
638 3045 708 3101 tota
736 3035 857 3102 familia
885 3057 944 3102 aua
978 3036 1013 3102 in
1042 3038 1127 3103 ferto
1156 3034 1405 3118 Innocentium
1419 3023 1506 3085 ΒΨ·

259 3139 353 3224 oujna
390 3135 505 3203 Turris
542 3137 724 3204 ouatodiam
761 3138 923 3204 Dominus
953 3140 1036 3219 Rex,
1065 3139 1171 3204 adhuc
1199 3138 1342 3203 existens
1370 3139 1403 3202 in

258 3239 429 3320 Vennonio,
444 3238 474 3304 ei
488 3249 702 3306 oonoeaaerat.
740 3240 817 3326 lpse
831 3249 940 3306 aotam
955 3249 1051 3307 antea
1068 3239 1249 3306 oontalerat
1259 3239 1404 3305 Domino

257 3341 350 3427 Regi,
364 3350 398 3405 et
416 3341 525 3426 ipsum
539 3339 616 3407 inde
629 3341 782 3407 heredem
803 3341 933 3423 fenerat,
954 3363 1068 3407 omnen
1088 3351 1190 3408 tarrae
1216 3351 1250 3408 et
1271 3350 1403 3406 tenurae

257 3467 337 3531 quaa
358 3441 473 3510 habuit
497 3443 532 3508 in
557 3464 656 3529 regno
682 3442 819 3529 Angli03
840 3443 887 3508 ita
908 3444 996 3530 quod
1022 3443 1185 3510 Dominus
1208 3446 1280 3510 Rex
1302 3445 1332 3510 ei
1353 3445 1403 3510 in-

256 3548 382 3615 veniret
401 3547 510 3614 omnia
526 3546 705 3612 necessaria
729 3547 796 3612 vite
819 3567 889 3628 aue,
912 3547 1067 3634 quamdiu
1088 3548 1222 3628 viveret,
1244 3558 1278 3614 et
1293 3547 1403 3614 debita

255 3651 533 3737 euaaequietaret.
892 3667 893 3672 ’
1183 3687 1187 3694 -

290 3752 564 3834 lMemorandum
575 3750 663 3837 quod
674 3772 748 3817 oum
760 3760 923 3818 constaret
932 3751 1066 3819 Deoano
1077 3762 1109 3818 et
1123 3752 1276 3840 Capitulo
1288 3753 1441 3830 Sanctifn
1453 3770 1507 3828 rao,
1520 3783 1550 3822 ψ.

254 3855 346 3922 Pauli
361 3855 616 3933 Londoninrum,
627 3875 685 3939 per
695 3854 819 3920 litteras
832 3856 935 3942 regiae
951 3855 998 3922 eia
1013 3857 1128 3922 missae
1144 3878 1163 3920 a
1178 3857 1302 3921 nuntiis
1318 3858 1397 3938 suis,
1410 3836 1599 3965 ss‘fflw

252 3955 308 4043 qui
325 3957 612 4022 transfretaverunt
630 3956 665 4020 in
679 3956 874 4024 Vaseoniam
895 3956 938 4021 ad
959 3957 1140 4023 Dominum
1160 3957 1282 4043 Regem
1306 3959 1396 4044 ipeoa
1409 3966 1543 4016 doniam

252 4055 372 4122 habere
392 4054 555 4120 lieentiam
569 4056 708 4140 eligendi
721 4058 944 4144 Epivoopum3
967 4068 1057 4137 tuno,
1072 4057 1108 4121 in
1122 4058 1263 4124 omatino
1286 4059 1398 4125 Sancti

254 4157 404 4226 Nieholai
419 4157 540 4222 electus
555 4165 606 4222 eat
626 4157 660 4220 in
681 4158 882 4244 Episcopum
897 4159 920 4223 J
922 4159 1065 4223 ohannes
1081 4159 1122 4224 de
1138 4157 1313 4239 Chiabessn,
1328 4161 1397 4226 De·
