3920 5022
321 699 357 748 De
368 699 475 762 sapum

320 766 514 828 unumpate.

539 536 582 596 62
900 548 1063 595 onosma
1086 547 1263 596 unionum
1287 549 1333 594 ro·

583 701 646 766 lllo
659 722 737 767 vero
753 700 958 766 Parlamento
972 700 1066 766 finito
1086 699 1157 765 sine
1175 698 1357 780 oonoordia,
1371 698 1463 765 venit
1477 697 1597 764 Comes
1611 696 1688 761 Lei·

539 804 653 870 oestr'ie
669 803 861 883 Londoniis,
876 813 910 869 et
928 802 1025 867 multi
1040 803 1185 867 Berones
1200 823 1275 866 oum
1290 823 1342 867 eo.
1383 802 1478 866 'limo
1492 801 1602 866 statim
1617 800 1687 864 Do-

538 907 647 971 minus
663 906 733 970 Rex
748 915 782 970 et
796 904 963 970 Dominus
981 903 1161 969 Edwardus
1179 903 1214 967 in
1235 925 1335 967 manu
1349 903 1455 970 valida
1469 902 1689 967 militaverunt

539 1008 580 1072 ad
602 1006 911 1092 Nortlramptonam,
933 1013 968 1071 et
989 1005 1077 1070 illam
1104 1013 1271 1090 oeperunt,
1294 1013 1329 1068 et
1351 1003 1450 1069 etiam
1481 1012 1634 1082 castrum,
1653 1011 1689 1067 et

539 1110 673 1174 Petrum
688 1109 729 1175 da
742 1109 861 1176 Monte
875 1107 978 1188 Forti,
991 1117 1026 1173 at
1041 1107 1208 1172 Simonem
1221 1106 1324 1171 filium
1340 1105 1479 1170 Comitia
1493 1105 1640 1190 predicti,
1654 1113 1689 1169 et

539 1233 653 1277 omnes
675 1212 819 1278 Berones
833 1210 880 1276 ibi
893 1211 1056 1292 inventos,
1070 1232 1145 1276 oum
1167 1209 1257 1275 omni
1275 1207 1425 1274 hernesio
1440 1217 1556 1287 suo,et
1573 1228 1688 1272 omnes

537 1312 714 1398 burgenses
728 1324 894 1398 oeperunt,
902 1333 985 1399 quos
994 1333 1108 1377 omnes
1122 1311 1199 1376 feeit
1213 1312 1285 1375 Rex
1296 1309 1386 1375 salvo
1397 1308 1564 1375 custodiri.
1593 1309 1687 1372 'luno

538 1413 694 1498 temporis
724 1413 869 1478 Berones
897 1422 933 1479 et
960 1412 1209 1479 Londonienses
1232 1410 1430 1477 confederati
1460 1419 1538 1475 aunt
1566 1409 1689 1495 scripto

539 1513 771 1600 oynographsto
786 1523 820 1580 et
830 1514 1027 1599 juramento,
1050 1512 1186 1599 quilibet
1201 1511 1373 1578 duodecim
1394 1533 1555 1577 annorum
1570 1521 1604 1576 et
1618 1533 1687 1575 am-

538 1615 636 1700 plius,
647 1614 755 1680 smodi
766 1614 864 1680 simul
878 1625 991 1682 eontra
1005 1636 1129 1695 omnes,
1143 1614 1231 1679 salva
1238 1623 1347 1679 tamen
1358 1613 1423 1678 lide
1434 1612 1569 1678 Domini
1579 1612 1688 1698 Regis.

321 1747 357 1794 D,
368 1745 517 1794 ,mm
583 1719 711 1798 Postea,
725 1717 760 1783 in
775 1717 957 1803 septimam
978 1727 1054 1784 ante
1074 1718 1196 1784 Remos
1212 1716 1407 1797 Palmarom,
1422 1718 1623 1782 desuuotum
1637 1723 1689 1781 est

319 1812 457 1859 dammam.

538 1819 746 1885 Judaiamum
759 1819 795 1883 in
812 1819 1004 1899 londoniis,
1024 1827 1059 1884 et
1076 1819 1186 1884 omnia
1201 1818 1289 1884 bona
1307 1818 1453 1904 ipsorum
1468 1826 1641 1902 asportato,
1655 1825 1690 1882 et

539 1931 700 2006 quotquot
719 1920 820 1987 Judei
840 1921 972 1988 fuerunt
992 1920 1128 2000 inventi,
1149 1921 1242 1996 nudi,
1264 1920 1438 2006 dispoliati,
1457 1929 1492 1986 et
1512 1929 1627 2007 postea
1648 1919 1689 1983 de

539 2032 635 2088 nocte
649 2022 837 2088 outervatim
851 2022 1012 2103 trucidati,
1027 2021 1160 2102 scilieet,
1174 2043 1310 2088 numero
1324 2023 1497 2108 plusquam
1512 2021 1689 2108 quingenti.

539 2124 587 2190 Et
597 2124 652 2210 qui
666 2133 902 2204 remanserunt,
914 2124 1028 2190 salvati
1039 2124 1172 2190 fuerunt
1184 2145 1244 2210 per
1258 2125 1281 2190 J
1282 2125 1458 2190 ustitiarios
1470 2133 1505 2189 et
1516 2125 1688 2206 Maiorem,

540 2225 596 2310 qui
618 2234 695 2290 ante
712 2225 908 2292 oooisionem
927 2225 1020 2292 missi
1033 2228 1167 2291 fuerunt
1184 2226 1273 2311 apud
1293 2226 1422 2290 Turrim
1431 2251 1442 2306 ς
1465 2236 1500 2291 et
1521 2235 1602 2291 tuno
1616 2248 1690 2292 area

540 2328 823 2414 cyrographorum
838 2329 937 2394 missa
951 2328 1014 2392 luit
1027 2328 1114 2414 apud
1127 2329 1258 2392 'hirritu
1272 2327 1314 2393 ad
1329 2328 1527 2393 salvandam.
1584 2329 1689 2409 Tunc,

540 2438 693 2508 etentes,
708 2429 805 2494 multi
827 2429 949 2494 denarii
963 2429 1178 2494 Ytallioorom
1197 2441 1231 2494 et
1254 2429 1473 2509 Cauroinium,
1488 2429 1543 2514 qui
1557 2429 1690 2497 uerunt

541 2531 682 2617 depositi
694 2530 729 2595 in
743 2530 891 2596 custodia
905 2529 939 2594 in
955 2529 1151 2614 prioratibus
1167 2539 1200 2596 at
1211 2530 1372 2596 abbathiis
1387 2531 1471 2596 oiroa
1488 2531 1689 2613 Londonias,

539 2633 674 2698 muaoti
693 2642 771 2698 stant
784 2642 819 2697 et
832 2633 873 2698 od
891 2632 1080 2698 Londoniaa
1100 2633 1272 2718 deportati.
1317 2635 1435 2698 Postea
1453 2633 1488 2698 in
1508 2634 1690 2720 septimana

539 2745 616 2802 anta
638 2737 806 2816 Pasoham,
821 2737 966 2802 Berones
984 2745 1019 2801 et
1037 2736 1286 2802 Londonienses
1305 2745 1528 2823 expugnantes
1548 2737 1689 2818 Roffam,

538 2847 695 2924 oeperunt
702 2861 785 2918 eann
796 2848 830 2904 st
838 2848 980 2904 ossuum
992 2838 1201 2919 obsederunt,
1216 2850 1250 2904 et
1262 2838 1414 2905 ballivum
1423 2849 1600 2924 oepenmt3
1622 2841 1690 2925 qui,

540 2940 659 3006 auditis
683 2941 869 3008 rumoribus
892 2942 933 3007 de
957 2941 1101 3008 adventu
1124 2943 1234 3029 Regis,
1253 2951 1457 3009 reoesserunt
1477 2951 1512 3008 st
1529 2952 1690 3009 venerunt

541 3042 723 3108 Londoniis
737 3043 772 3108 in
794 3043 974 3128 septimana
988 3042 1122 3110 Pascha.

319 3127 529 3189 ”mlum
584 3145 847 3225 Postea,infesto
859 3145 970 3210 Sancti
978 3145 1140 3210 Johannis
1149 3155 1225 3211 anta
1233 3147 1532 3227 PortamLatinsm,
1541 3147 1690 3212 exierunt

539 3246 683 3311 Berones
698 3254 732 3310 et
746 3244 995 3310 Londonienses
1011 3268 1031 3310 a
1045 3247 1175 3312 oivimte
1189 3247 1344 3313 adversus
1362 3248 1486 3314 dietum
1508 3249 1689 3314 Dominum

537 3347 756 3429 Regem,tuno
764 3345 960 3412 existentem
968 3347 1004 3410 in
1015 3346 1162 3432 partibus
1172 3349 1213 3414 de
1222 3349 1690 3430 Liawes,oummaximoexar-

535 3448 613 3514 oitu.
656 3446 728 3512 lllis
747 3456 857 3513 autem
867 3446 991 3514 ibidem
1011 3471 1136 3514 moram
1150 3451 1356 3533 facientibus,
1371 3453 1515 3518 Barones
1529 3453 1690 3518 miserunt

534 3549 658 3613 litteras
674 3569 749 3612 suas
759 3549 905 3615 Domino
915 3550 1008 3634 Regi,
1023 3560 1057 3615 et
1072 3551 1144 3615 Rex
1158 3552 1283 3618 remisit
1291 3553 1337 3617 eis
1346 3552 1470 3617 litteras
1482 3572 1556 3615 suas
1568 3573 1628 3636 pro
1638 3573 1689 3615 re·

536 3670 669 3735 sponso,
677 3659 711 3714 et
726 3650 874 3716 similiter
885 3652 958 3716 Rex
970 3652 1162 3716 Alamannia
1177 3663 1211 3717 et
1226 3653 1390 3718 Dominus
1405 3651 1595 3730 Edwardus,
1607 3673 1687 3736 quas

534 3755 657 3819 litteras
667 3753 794 3837 require
804 3753 840 3817 in
854 3753 955 3818 altera
963 3763 1055 3839 parte
1062 3754 1162 3838 hujus
1176 3754 1246 3818 folii
1255 3754 1402 3838 scriptas.
1446 3753 1493 3817 Et
1504 3774 1592 3817 nono
1603 3753 1655 3818 die
1670 3777 1689 3820 a

535 3855 743 3934 dieillatuno
751 3855 908 3939 temporis
918 3853 970 3918 die
978 3852 1244 3931 Mercurii‚valde
1253 3875 1347 3919 mane
1356 3853 1571 3940 oonfligarunt
1579 3867 1688 3940 partes

535 3967 625 4027 extra
639 3957 746 4022 villam
769 3956 810 4022 de
830 3958 967 4038 Liawes,
983 3966 1017 4022 et
1029 3956 1064 4020 in
1079 3955 1185 4042 primo
1204 3956 1359 4022 conflictu
1379 3958 1483 4043 major
1504 3979 1579 4045 pars
1599 3959 1689 4024 Lon·

536 4058 752 4140 doniensium,
776 4059 924 4144 peditum
940 4069 974 4124 et
988 4057 1146 4144 equitum,
1161 4069 1196 4124 et
1215 4059 1348 4145 quidam
1366 4060 1487 4127 milites
1502 4070 1536 4126 et
1548 4059 1688 4126 barones

535 4176 714 4252 posuerunt
734 4187 769 4230 ae
790 4165 825 4230 in
845 4166 955 4250 lugam
969 4184 1083 4230 versus
1105 4164 1304 4233 Londonias.
1349 4165 1507 4249 Berones,
1521 4175 1555 4232 et
1569 4167 1615 4232 illi
1632 4166 1688 4252 qui
