3920 5022
561 630 822 677 vrcsooruruu
847 629 1134 676 nonnonrnnou.
1378 607 1418 681 17

268 779 447 847 Wdlielmo
460 782 684 864 Thesaurario,
698 793 734 849 et
754 783 852 850 Petro
875 781 1018 862 Blundo,
1033 778 1282 848 constabulario
1293 776 1418 856 llinis,

270 883 422 950 omnibus
449 885 573 952 clericis
601 895 636 953 et
664 886 879 954 servientibus
905 883 1149 953 vioeoemintts
1170 884 1218 950 eis
1246 881 1418 948 intenden-

127 1044 135 1060 ,
268 985 369 1052 tibus.
426 987 491 1054 Die
523 1010 601 1056 vero
633 999 758 1056 statuto
786 997 947 1056 venerunt
984 989 1093 1054 Maior
1124 995 1159 1054 et
1195 985 1292 1052 Cives
1329 981 1417 1068 apud

268 1087 529 1175 Wyndlesomm,
552 1115 635 1180 quos
665 1095 737 1160 Rex
762 1094 875 1160 volens
901 1091 1109 1172 ooeaaionnri,
1132 1090 1210 1156 fecit
1232 1107 1353 1174 ponere
1375 1086 1416 1150 sd

267 1191 426 1258 rationem
454 1216 514 1280 per
534 1193 735 1262 Justitiarios
764 1216 853 1274 auos,
881 1199 972 1260 “cur
995 1202 1118 1260 cartam
1142 1213 1240 1280 quem
1271 1191 1416 1256 fecerant
1497 1209 1499 1214 ·

265 1292 389 1361 Abbati
414 1296 697 1364 westmonasterii
719 1298 1002 1378 contradixissent,
1030 1307 1065 1363 et
1087 1318 1145 1362 cur
1166 1316 1234 1361 non
1260 1290 1415 1380 permise-

264 1407 338 1462 rant
352 1399 513 1480 homines,
528 1401 583 1487 qui
596 1401 697 1488 positi
710 1401 839 1468 luerent
852 1423 911 1489 per
925 1410 1114 1488 preceptum
1129 1422 1225 1465 suum
1250 1399 1286 1464 in
1307 1395 1414 1482 inqui-

265 1497 384 1565 sitione
398 1500 544 1566 sananda
558 1502 599 1567 de
612 1503 756 1568 tumultu
770 1503 856 1570 fecto
877 1503 963 1570 inter
983 1501 1274 1588 Archiepiscopum
1290 1499 1414 1565 Cantu-

264 1601 330 1667 arie
349 1613 384 1668 et
403 1601 587 1670 canonicos
611 1606 722 1672 Sancti
745 1605 977 1686 Bartholomei,
1000 1607 1104 1671 iacere
1126 1600 1413 1670 sacramentum?”

264 1703 363 1783 Nam,
376 1725 478 1791 parvo
492 1716 638 1793 tempore
653 1708 763 1795 elapso
777 1718 883 1788 antea,
898 1709 1006 1774 dictus
1020 1707 1294 1792 Arohiepiacopus
1309 1703 1414 1771 voluit

262 1805 349 1872 inter
363 1809 467 1875 dictos
482 1808 667 1877 canonicos
682 1813 786 1878 facere
800 1811 1031 1892 visitationem,
1045 1812 1134 1898 quod
1147 1810 1211 1897 ipsi
1225 1808 1412 1896 permittere

262 1909 448 1978 noluerunt.
493 1912 590 1979 Cives
618 1935 696 1980 vero
725 1915 967 2002 responderunt
1002 1919 1024 1954 “
1038 1915 1127 2000 quod
1160 1913 1286 1978 nullum
1323 1910 1411 1976 diem

262 2013 448 2080 habuerunt
460 2015 502 2080 ad
517 2016 735 2100 placitandum
749 2017 797 2084 ibi
811 2027 924 2084 contra
937 2017 1102 2084 Abbatcm
1115 2013 1410 2095 westmonasterii,

262 2136 324 2181 nec
337 2125 428 2182 extra
452 2117 617 2183 civitatem
638 2118 885 2185 Londoniarum
899 2119 1056 2186 deberent
1069 2119 1221 2206 placitare
1228 2144 1239 2199 3
1261 2117 1338 2184 etsi
1354 2116 1411 2181 de·

260 2216 410 2284 buisacnt
423 2218 500 2285 inde
512 2219 676 2306 placitare,
689 2222 817 2288 nullum
828 2221 988 2308 judicium
1001 2221 1143 2308 recipere
1157 2222 1234 2288 inde
1256 2219 1412 2286 deberent

260 2319 296 2386 in
310 2320 457 2387 absentia
465 2321 592 2408 parium
606 2345 752 2405 suorum,
766 2324 890 2391 scilicet
901 2323 1081 2405 Comitum,
1093 2324 1259 2390 Beronum
1270 2322 1407 2408 Anglie3

259 2431 295 2488 et
307 2423 396 2511 quod
410 2425 520 2490 nullus
534 2425 634 2492 homo
649 2427 895 2493 Londoniarum
910 2425 1008 2492 debet
1017 2427 1137 2513 jurare,
1151 2426 1215 2492 nisi
1229 2447 1288 2513 per
1302 2446 1406 2491 sacra-

258 2537 418 2608 mentum,
432 2529 521 2615 quod
535 2530 653 2596 fecerat
667 2531 812 2597 Domino
828 2530 919 2618 Regi,
940 2541 975 2598 et
998 2530 1034 2596 in
1056 2530 1121 2596 fida
1145 2553 1209 2616 que
1222 2539 1353 2596 tenetur
1366 2529 1408 2610 ei,

256 2630 293 2695 in
315 2631 422 2719 aliqua
445 2631 665 2719 inquisitione,
690 2635 755 2699 nisi
782 2635 880 2700 luerit
907 2635 965 2700 ubi
993 2634 1109 2720 aliquis
1131 2641 1246 2719 posset
1274 2632 1408 2718 perdere

257 2732 359 2798 vitem
372 2733 426 2798 vel
448 2734 604 2813 membra,
618 2735 671 2799 vel
686 2735 727 2799 ed
745 2743 864 2800 terram
889 2735 1088 2819 perdendam
1103 2732 1172 2798 aire
1186 2733 1407 2800 lucrandam?

257 2834 376 2901 Postea
390 2833 501 2901 habito
516 2835 651 2901 oonsilio
665 2835 750 2901 inter
765 2837 888 2921 Regem
902 2845 937 2900 ct
950 2835 1120 2901 consilium
1137 2855 1233 2898 sunm
1254 2835 1407 2899 retradita

257 2937 321 3003 fuit
336 2938 459 3003 Civitas
477 2936 625 3017 Civibus,
642 2945 676 3002 et
698 2939 794 3002 datus
817 2947 869 3002 est
890 2937 937 3002 eis
958 2957 1062 3021 usque
1084 2935 1126 2999 ad
1144 2935 1405 3001 'l'ranslationem

258 3039 369 3104 Sancti
383 3038 546 3105 Edwardi.
583 3037 710 3103 Eodem
725 3060 811 3104 anno
826 3037 909 3104 circa
922 3040 1043 3104 letum
1055 3035 1166 3103 Sancti
1176 3035 1294 3102 Jecobi
1307 3057 1405 3102 vene-
1524 3106 1530 3120 ,

258 3154 337 3208 runt
350 3164 496 3208 rumores
511 3142 773 3230 Londoniis,pro
785 3143 891 3208 dolor!
905 3143 994 3228 quod
1004 3142 1169 3229 predictus
1183 3141 1253 3206 Rex
1269 3141 1403 3208 Francis
1417 3105 1608 3234 &am

258 3252 374 3328 eaptus
399 3243 463 3308 luit
489 3267 509 3308 a
539 3243 731 3325 Sarracenis,
756 3244 908 3310 fratribus
935 3243 1058 3310 suiset
1092 3244 1159 3309 fere
1184 3243 1337 3309 omnibus
1363 3245 1404 3310 de

257 3344 401 3412 exercitu
417 3345 594 3411 Christiani
619 3345 688 3411 sive
713 3345 816 3432 captis
842 3347 909 3411 sire
931 3345 1059 3412 occisis.
1112 3344 1189 3430 Ipsa
1214 3365 1302 3425 vero,
1326 3357 1405 3431 post

254 3447 420 3515 modicum
434 3458 576 3535 tempus,
586 3455 701 3533 postca
710 3449 898 3535 redemptus
905 3448 969 3514 fuit
982 3469 1041 3535 per
1053 3447 1256 3534 Templnrios
1267 3457 1302 3515 at
1313 3447 1404 3517 Hos·

251 3551 429 3638 pitalsrios.

339 3654 536 3721 willielmus
551 3653 637 3718 filius
658 3652 798 3736 Bicardi,
812 3653 844 3719 le
859 3653 998 3720 Prostrc.

201 3773 205 3780 '
341 3757 525 3824 Hmrlridus
539 3757 570 3822 le
585 3757 698 3823 Ferre.

292 3860 368 3927 Hoc
377 3861 929 3928 aunolactusestMaiorJohnnnes
938 3861 1158 3928 Normannus.
1178 3861 1304 3928 Eodem
1313 3884 1399 3930 anno

251 3969 411 4028 statutum
425 3972 478 4029 est
491 3985 550 4050 per
564 3963 662 4030 Cives
678 3964 730 4029 die
748 3965 841 4030 Lune
856 3973 932 4050 post
946 3965 1067 4030 festum
1090 3963 1201 4031 Sancti
1217 3965 1400 4046 Michaelis,

252 4063 341 4150 quod
355 4066 508 4131 custodes
524 4066 638 4132 Pontis
663 4067 908 4133 Londoniarum
928 4089 949 4133 a
970 4067 1023 4132 die
1049 4067 1104 4132 illa
1128 4067 1163 4132 in
1188 4077 1293 4148 antea,
1318 4069 1401 4134 nihil

250 4176 387 4253 possent
400 4165 529 4247 habere,
543 4190 657 4254 capere
667 4169 719 4234 vel
729 4169 866 4236 clamare
878 4170 919 4235 de
928 4169 1067 4235 navibus
1082 4167 1150 4234 sive
1159 4168 1256 4234 rebus
1269 4170 1400 4237 Civium

299 4287 416 4334 cassu.
431 4286 506 4332 soc.
1214 4292 1237 4335 u
