3920 5022
555 561 598 621 56
913 575 1074 620 onouron
1099 575 1277 620 rrnronou
1301 577 1347 621 nr

554 734 692 806 servato,
707 747 867 807 emovere,
888 736 922 792 et
936 727 1091 806 venellas,
1113 748 1173 812 per
1186 726 1285 794 breve
1308 725 1447 792 Domini
1470 725 1569 814 Regis
1592 735 1627 792 et
1645 747 1703 812 per

553 828 754 894 Justitierios
778 829 979 910 itinerantes,
1005 829 1204 895 assentiente
1228 830 1424 910 Commune,
1450 828 1641 916 obstupetes
1669 837 1705 894 et

553 927 748 1015 quibusdem
777 939 950 1010 mentem,
979 930 1169 996 nitebantur
1198 932 1333 1018 operire,
1360 932 1406 996 ite
1436 933 1523 1018 quod
1550 932 1705 1017 quasdem

553 1039 588 1095 et
612 1029 683 1096 sine
705 1030 829 1116 judicio
844 1040 1051 1117 aperuerunt,
1073 1041 1107 1096 et
1129 1032 1246 1097 eodem
1261 1032 1359 1098 modo
1373 1032 1530 1118 quasdem
1554 1053 1707 1117 purpres·

552 1142 642 1196 tures
656 1142 859 1211 amoverunt,
874 1142 908 1197 et
921 1133 1044 1219 eliques
1059 1143 1136 1218 post
1149 1133 1343 1219 prandium3
1359 1143 1392 1199 et
1402 1135 1466 1199 hoc
1480 1155 1546 1199 non
1561 1135 1707 1198 fecerunt

553 1235 759 1300 solummodo
782 1235 955 1301 amovendi
979 1237 1063 1316 illas,
1078 1237 1136 1302 sed
1150 1237 1319 1302 occasione
1334 1237 1526 1303 meremium
1539 1249 1574 1302 et
1584 1236 1646 1300 elie
1659 1234 1706 1300 ibi

553 1337 688 1402 invente
701 1337 899 1422 asportandi.

600 1439 729 1519 Postea,
749 1439 785 1504 in
800 1438 940 1504 emetino
956 1437 1074 1504 Sancte
1090 1439 1272 1524 Margerete
1290 1440 1427 1505 missum
1442 1447 1494 1506 eet
1517 1439 1616 1505 breve
1636 1440 1706 1504 Do-

554 1541 635 1606 mini
650 1541 747 1627 Regis
763 1541 883 1608 Maiori
897 1551 931 1608 et
955 1539 1102 1623 Civibus,
1116 1543 1150 1607 in
1165 1565 1242 1629 quo,
1263 1543 1349 1608 lecto
1363 1543 1398 1607 in
1425 1541 1599 1621 Gildbelle,
1628 1564 1705 1607 con·

552 1643 726 1724 tinebetur,
742 1645 830 1730 quod
843 1645 898 1709 ille
912 1644 1083 1726 dissensio,
1105 1667 1168 1732 que
1182 1645 1245 1711 fuit
1257 1646 1343 1711 inter
1368 1647 1492 1731 Regem
1506 1653 1540 1710 et
1560 1645 1704 1710 Berones

552 1748 616 1813 fuit
628 1747 806 1834 pacificata,
821 1759 855 1814 et
868 1749 1013 1834 precepit
1029 1749 1110 1829 Rex,
1126 1750 1213 1836 quod
1227 1771 1292 1835 pax
1306 1771 1366 1814 sue
1383 1749 1468 1813 inlra
1482 1747 1657 1814 Civitatem
1672 1757 1706 1813 et

552 1860 644 1917 extre
668 1851 804 1916 firmiter
818 1852 1063 1932 observaretur3
1085 1863 1120 1918 et
1141 1874 1216 1917 cum
1240 1851 1280 1917 de
1295 1852 1414 1938 aliquo,
1429 1861 1542 1917 contm
1559 1851 1704 1938 predicte

552 1961 675 2017 statuto
688 1953 850 2033 veniente,
866 1953 940 2018 sciri
964 1962 1088 2040 posset,
1102 1974 1162 2039 per
1177 1953 1320 2019 Ballivos
1348 1963 1506 2018 erestetus
1531 1955 1658 2033 fuisset,
1672 1962 1706 2019 et

553 2055 663 2119 omnia
675 2053 762 2120 bone
776 2077 846 2131 sue,
860 2064 895 2122 et
909 2056 999 2122 salvo
1014 2056 1186 2134 custodita,
1209 2054 1313 2120 donec
1329 2055 1400 2120 Rex
1415 2077 1513 2142 super
1540 2057 1603 2121 boc
1617 2056 1706 2121 eliud

553 2157 697 2222 dedisset
710 2157 745 2221 in
759 2159 931 2244 preceptis.
975 2159 1022 2224 Et
1037 2182 1056 2224 e
1070 2159 1123 2223 die
1148 2159 1204 2223 illo
1224 2159 1260 2223 in
1284 2167 1381 2223 anteo
1406 2159 1515 2224 omnia
1529 2181 1588 2245 per
1600 2159 1705 2244 legem

553 2269 638 2326 terre
652 2260 791 2325 deducte
804 2261 948 2327 fuissent
962 2270 996 2326 et
1009 2261 1191 2327 terminate.

595 2361 689 2427 Tunc
711 2363 867 2448 temporis
890 2363 1027 2449 predicti
1054 2363 1198 2428 Berones
1232 2362 1274 2426 ed
1301 2362 1495 2448 captandam
1523 2385 1543 2426 e
1569 2359 1706 2428 Civibus

552 2464 708 2549 majorem
722 2462 996 2544 benevolenciam,
1010 2463 1100 2528 effeti
1112 2472 1190 2527 sunt
1204 2485 1272 2542 eos,
1286 2462 1432 2528 dicentes
1454 2466 1527 2528 “ut
1551 2462 1615 2548 ipsi
1629 2483 1706 2548 pro-

553 2565 722 2646 vidissent,
748 2564 776 2629 ri
802 2564 881 2651 quid
904 2563 1106 2629 subtractum
1130 2564 1246 2630 fuisset
1273 2565 1313 2631 de
1336 2564 1541 2630 libertatibus
1568 2565 1646 2645 suis,
1672 2575 1706 2631 et

552 2671 652 2736 etiem
666 2669 737 2750 elie,
761 2691 824 2755 que
837 2669 978 2734 fuissent
999 2669 1089 2753 juste
1100 2677 1134 2734 et
1147 2668 1286 2734 honeste
1300 2669 1342 2733 ed
1355 2668 1522 2735 libertates
1538 2691 1613 2734 suas
1628 2692 1705 2756 eug-

553 2771 757 2851 mentendes,
774 2779 808 2837 et
830 2770 885 2835 illa
899 2771 1008 2857 posita
1025 2772 1061 2835 in
1077 2770 1218 2857 scriptis,
1234 2772 1380 2836 Berones
1400 2771 1610 2837 ostenderent
1624 2773 1707 2858 Regi

553 2883 588 2939 et
601 2872 737 2939 consilio
752 2894 823 2952 suo,
837 2871 893 2957 qui
907 2894 946 2938 ee
960 2872 1065 2958 sigillo
1081 2894 1141 2937 suo
1165 2872 1380 2952 confirmaret,
1401 2873 1555 2958 predictis
1571 2872 1706 2939 Civibus

553 2985 587 3043 et
600 2975 774 3042 heredibus
789 2995 901 3039 eorum
911 2974 1153 3059 imperpetuum
1168 2975 1375 3059 possidendo
1415 2973 1525 3040 Maior
1538 2997 1615 3040 vero
1629 2975 1706 3041 fecit

554 3077 745 3144 summoniri
754 3076 941 3140 universum
950 3074 1108 3160 populum
1124 3074 1286 3155 Civitetis,
1296 3077 1406 3141 dicens
1418 3075 1465 3140 eis
1480 3079 1502 3113 “
1510 3085 1549 3141 ut
1556 3076 1706 3143 homines

497 3186 531 3217 ”¹¹
553 3180 594 3244 de
609 3177 755 3265 quolibet
768 3176 875 3241 officio
900 3174 1130 3260 providissent,
1145 3196 1208 3260 que
1232 3177 1372 3242 fluissent
1385 3177 1432 3242 eis
1457 3177 1559 3260 utilia,
1583 3179 1708 3264 etipse

405 3298 441 3345 ni
513 3303 593 3348 nea
614 3282 734 3345 feceret
762 3277 899 3342 elemsre
927 3276 962 3340 in
988 3275 1128 3342 Civitete
1153 3287 1188 3342 et
1212 3277 1349 3344 firmiter
1377 3278 1594 3360 observere;'’
1609 3282 1707 3362 unde,

553 3390 678 3468 posteo,
694 3381 734 3445 de
749 3379 801 3444 die
815 3379 851 3443 in
867 3378 954 3445 diem
969 3378 1088 3464 singuli
1103 3379 1143 3445 de
1159 3380 1305 3465 quolibet
1318 3381 1425 3447 officio
1440 3405 1498 3468 per
1513 3405 1547 3448 se
1561 3383 1708 3448 lecerunt

553 3506 639 3550 nove
653 3492 775 3550 stetute
789 3493 823 3549 et
846 3481 1062 3569 provisiones,
1077 3503 1140 3568 que
1155 3483 1257 3568 magis
1285 3492 1425 3568 possunt
1440 3484 1503 3549 dici
1518 3484 1707 3550 abhomine-

552 3589 670 3668 tiones,
685 3597 719 3653 et
742 3585 948 3652 solummodo
963 3585 1005 3650 ed
1020 3585 1229 3650 commodum
1243 3585 1401 3671 ipsorum,
1428 3595 1463 3650 et
1487 3587 1528 3650 ad
1542 3586 1707 3653 intollera-

552 3691 651 3757 bilem
662 3694 822 3777 jecbrram
837 3688 985 3754 omnium
1010 3698 1226 3754 mercatorum
1241 3688 1442 3754 venientium
1463 3689 1498 3753 in
1524 3689 1706 3758 Londoniis

551 3793 635 3861 etin
649 3791 804 3858 nundinis
818 3790 945 3877 Angue,
967 3800 1002 3855 et
1025 3790 1067 3853 ed
1081 3789 1260 3854 maximum
1276 3789 1455 3876 dampnum
1479 3791 1706 3860 universorum

552 3897 653 3984 regni.
696 3896 744 3961 Et
765 3905 844 3960 tunc
858 3893 957 3958 nichil
983 3901 1092 3958 ectum
1107 3893 1170 3956 luit
1184 3892 1252 3957 sive
1276 3902 1450 3959 tractatum
1476 3894 1516 3960 de
1540 3899 1706 3963 communi

551 4001 690 4068 utilitate
707 3997 857 4063 Civitatis
872 4017 978 4082 neque
1003 3996 1043 4060 de
1058 3995 1322 4082 augmentatione
1336 3994 1523 4061 libertatum
1538 3999 1703 4084 ejusdem3

552 4116 602 4172 set
615 4114 726 4170 umen
735 4100 879 4189 predicte
894 4109 1015 4167 stetute
1028 4108 1064 4167 et
1077 4098 1278 4186 provisiones
1294 4100 1336 4166 ed
1350 4100 1476 4166 nullum
1489 4114 1705 4188 pervenerunt

555 4209 717 4278 effectum.
