3930 5088
560 473 604 534 82
919 487 1081 534 onosrcs
1105 485 1284 532 unrocus
1308 485 1354 530 er

562 639 709 706 similiter
738 639 795 705 fist
815 639 857 705 de
877 637 974 706 bunis
1000 637 1147 706 omnium
1168 637 1339 704 hominum
1367 633 1515 722 ejusdem
1549 635 1626 702 vilic
1654 637 1718 722 qui

562 751 641 806 sunt
675 740 710 806 in
747 739 885 808 Csmbio
918 749 1032 808 nostm
1067 739 1200 806 ibidem.
1259 739 1489 806 concessimus
1528 739 1627 804 etiem
1663 740 1716 804 eis

561 843 649 930 quod
678 843 788 908 omnis
822 841 910 908 bons
944 853 979 908 et
1011 841 1126 910 cubile
1153 841 1330 929 probomm
1356 841 1530 906 bominum
1561 840 1716 906 Civitatis

560 946 704 1032 predicte
739 969 760 1012 s
794 944 1053 1031 quibuscunque,
1089 967 1110 1010 s
1145 955 1293 1031 tempore
1329 966 1396 1032 quo
1434 943 1533 1010 Circe
1573 943 1715 1030 predicu·

560 1071 596 1116 sc
623 1049 784 1116 volunteti
811 1057 923 1114 nostre
951 1048 1204 1133 subposuerunt,
1230 1047 1300 1114 sinc
1328 1055 1470 1114 manto
1495 1057 1609 1113 nostm
1637 1067 1715 1132 pre-

560 1153 659 1232 dicto,
680 1152 826 1240 exceptis
848 1151 944 1217 bonis
970 1151 1099 1217 Bicerdi
1117 1151 1158 1217 dc
1183 1150 1371 1230 wdcbrok,
1390 1151 1437 1216 eis
1457 1151 1592 1215 omnino
1616 1149 1714 1214 resti-

560 1265 703 1330 tuuntur,
726 1264 762 1320 et
782 1254 869 1341 quod
890 1252 955 1340 ipsi
977 1251 1075 1320 Cives
1096 1273 1155 1339 per
1179 1261 1283 1319 totum
1308 1262 1426 1320 terrum
1451 1261 1487 1318 ct
1513 1261 1712 1338 poteststem

560 1365 706 1421 nostrum
719 1353 819 1420 libere
832 1364 867 1420 et
881 1353 951 1419 sine
964 1353 1198 1438 impedimento
1219 1363 1332 1420 nostro
1345 1353 1398 1420 vel
1420 1362 1619 1432 nostrorum,
1640 1361 1711 1418 tem

560 1479 619 1543 per
633 1479 720 1524 merc
734 1477 832 1544 quem
846 1477 905 1542 per
918 1465 1047 1534 terrum,
1062 1456 1103 1521 de
1117 1456 1214 1522 rebus
1228 1465 1263 1522 et
1284 1455 1493 1522 mercsndisis
1519 1455 1587 1522 suis
1610 1477 1711 1540 nego-

560 1561 634 1627 tisri
662 1561 802 1646 possint,
830 1569 928 1646 prout
956 1557 1019 1623 sibi
1046 1559 1188 1624 viderint
1215 1558 1379 1646 expedire,
1415 1558 1517 1644 quieti
1548 1559 1590 1624 de
1619 1561 1711 1625 omni

561 1663 807 1742 consuetudine,
820 1660 995 1728 theoloneo
1010 1667 1044 1725 et
1057 1661 1227 1744 pesmgi03
1249 1668 1284 1725 et
1297 1659 1484 1746 ubicunque
1498 1660 1660 1726 voluerint
1673 1660 1711 1726 in

560 1763 676 1832 eodem
698 1785 799 1850 regno
826 1772 939 1830 nostro
962 1783 1022 1848 pro
1045 1760 1318 1848 negotiationibus
1339 1761 1407 1828 suis
1433 1761 1600 1841 moraturi,
1625 1761 1712 1830 sicut

559 1865 727 1931 reuoectis
742 1863 944 1950 temporibus
954 1871 1206 1942 consueverunt,
1216 1881 1386 1949 quousque
1397 1862 1439 1928 de
1454 1873 1543 1929 stetu
1558 1862 1710 1932 Ciritsu's

560 1969 704 2057 predicte
719 1968 759 2035 dc
771 1969 907 2036 coneilio
921 1977 1034 2034 nostro
1049 1967 1178 2053 plenius
1195 1965 1373 2032 ordinetur.
1426 1967 1474 2032 Et
1498 1967 1586 2052 quod
1599 1967 1711 2034 nullus

560 2073 601 2138 de
624 2071 765 2138 Ciuitate
778 2070 933 2156 predicte,
948 2069 989 2135 de
1004 2089 1069 2154 quo
1084 2067 1256 2134 manifeste
1269 2076 1419 2134 constare
1433 2069 1539 2154 possit
1552 2069 1660 2155 ipsum
1673 2070 1711 2136 in

558 2171 745 2240 turbatione
758 2172 903 2258 predicte
923 2170 1091 2236 inimicum
1105 2178 1267 2246 nostrum,
1285 2169 1337 2236 vel
1351 2169 1488 2255 predicti
1502 2171 1711 2257 primogeniti

559 2275 674 2355 nostri,
699 2274 856 2354 extitisse,
885 2274 926 2339 de
955 2284 1063 2340 cetero
1088 2272 1207 2338 moruri
1231 2273 1284 2338 vel
1307 2273 1490 2340 conservari
1510 2273 1546 2340 in
1570 2274 1711 2340 Ciuitate

558 2378 713 2466 predicte.
772 2376 813 2441 ln
836 2377 930 2462 cujus
953 2374 1000 2440 rei
1022 2374 1248 2439 testimonium
1266 2374 1326 2440 hss
1344 2374 1468 2441 litteras
1490 2385 1618 2442 nosnos
1639 2377 1710 2443 fieri

558 2482 696 2548 fecimus
709 2488 871 2566 petentes.
912 2479 1011 2544 Teste
1026 2477 1165 2563 meipso
1180 2477 1268 2564 apud
1283 2478 1567 2565 Norhumptonem
1583 2480 1708 2548 decimu

560 2584 613 2651 die
627 2582 784 2662 Jenuerii,
799 2602 885 2649 enno
899 2581 991 2666 regni
1004 2579 1110 2646 nostri
1124 2578 1401 2666 quinquagesimo.

604 2689 681 2770 lPer
704 2687 794 2752 illum
816 2683 1073 2770 redemptionem
1095 2681 1223 2748 liberati
1238 2691 1317 2748 sunt
1330 2682 1526 2750 willielmus
1549 2685 1589 2751 dc
1606 2685 1710 2752 Glcn·

561 2793 683 2873 vernis,
705 2789 862 2856 Rioerdus
885 2789 1125 2864 Bonsventur'e‚
1147 2784 1343 2851 willielmus
1366 2785 1405 2850 de
1422 2787 1523 2867 Kent,
1538 2787 1652 2854 Simon
1667 2789 1709 2854 de

563 2894 775 2971 Hedestok03
790 2891 1006 2958 Endmundus
1020 2911 1097 2954 vero
1113 2889 1153 2955 de
1169 2888 1258 2953 Eser
1272 2886 1427 2975 liberetur
1441 2889 1504 2953 fuit
1517 2898 1621 2954 antee.

605 2999 724 3062 Postee
738 2994 853 3059 Simon
868 2993 908 3058 de
924 2992 1042 3057 Monte
1066 2990 1157 3056 Forti
1174 2989 1297 3075 junior,
1311 2991 1442 3076 quundo
1456 2993 1621 3058 Dominus
1637 2993 1709 3059 Rex

560 3100 623 3166 fuit
637 3098 725 3183 apud
739 3095 1032 3178 Norhumptcnum,
1046 3093 1158 3178 posuit
1180 3115 1215 3158 se
1233 3093 1268 3158 in
1282 3093 1501 3160 misericordis
1515 3117 1584 3174 sus,
1600 3097 1709 3162 stundi

561 3199 693 3266 arbitrio
709 3194 807 3280 Regis
821 3193 1012 3260 Alemannie
1026 3203 1060 3258 et
1073 3193 1171 3277 legati
1185 3194 1321 3260 Domini
1336 3195 1434 3281 Pepe,
1445 3206 1525 3264 tunc
1538 3198 1708 3264 existentis

561 3305 596 3368 in
626 3299 752 3385 Angiiu,
780 3309 816 3364 et
843 3298 1046 3384 quorundum
1083 3297 1219 3364 eliorum
1255 3297 1415 3364 baronum
1449 3301 1577 3386 Anglie.
1631 3301 1708 3383 Qui,

562 3412 688 3491 postes,
702 3401 837 3467 veniens
851 3401 1033 3468 londoniis
1058 3423 1118 3488 per
1142 3400 1272 3488 aliquod
1295 3411 1426 3487 tempus
1440 3425 1565 3469 morem
1587 3405 1709 3471 inciens

561 3507 597 3572 in
611 3503 700 3568 curie
714 3503 849 3569 Domini
863 3503 1031 3582 edwardi,
1041 3525 1109 3569 uon
1123 3513 1299 3590 expectens
1313 3505 1481 3570 arbitrium
1506 3528 1614 3586 suum,
1639 3506 1710 3573 sine

560 3607 691 3674 licentis
714 3615 749 3672 et
771 3606 813 3670 de
840 3615 937 3671 nocte
959 3605 1077 3671 furtive
1098 3607 1212 3687 erasit,
1235 3616 1270 3672 et
1289 3607 1401 3693 posuit
1422 3630 1458 3673 se
1477 3629 1592 3674 versus
1615 3608 1711 3674 Win-

562 3710 681 3787 chelse,
696 3717 731 3774 et
745 3707 873 3773 adhesit
886 3707 1086 3792 predonibus
1101 3711 1141 3774 de
1157 3708 1311 3795 Quinque
1327 3710 1501 3793 Portubus,
1514 3709 1570 3795 qui
1584 3723 1663 3776 tunc
1677 3718 1712 3777 et

561 3822 656 3878 antee
671 3831 784 3878 omnes
799 3818 993 3876 mercatores
1006 3809 1174 3876 venientes
1194 3833 1308 3878 versus
1323 3811 1474 3897 Anglium
1488 3822 1523 3878 et
1536 3813 1578 3878 de
1591 3813 1710 3899 Anglie

561 3923 727 3995 exeuntes,
751 3922 912 4002 quotquot
939 3923 1098 3998 poterent,
1123 3915 1440 4003 comprehenderunt
1462 3915 1515 3982 rel
1539 3915 1709 3981 interfece-

560 4027 648 4097 runt,
661 4017 715 4083 rel
728 4016 814 4084 bone
835 4039 895 4084 sus
915 4016 1083 4104 depredati
1106 4028 1193 4084 sunt.
1238 4017 1304 4084 Sed
1326 4027 1436 4082 temon
1460 4015 1525 4101 ipsi
1546 4015 1709 4100 predones

561 4121 686 4187 nullum
702 4118 881 4206 principem
903 4120 955 4187 rel
976 4119 1115 4187 militem
1136 4119 1358 4207 alienigenum,
1373 4141 1449 4187 cum
1463 4117 1561 4185 ermis
1575 4117 1709 4186 venien·
