3856 5038
451 506 524 574 cxiv
974 533 1151 578 eneeecu.

450 693 560 732 marces
580 693 697 744 munes,
717 696 788 754 quen
808 677 905 736 eedem
922 678 1085 738 Elizubethe
1100 679 1227 737 similiter
1241 676 1331 736 reddit
1344 676 1381 734 ed
1394 677 1468 734 idem
1482 677 1650 734 scaccarium

450 790 502 847 pro
517 772 598 828 terris
612 782 640 829 et
654 775 821 832 tenementis
843 795 898 852 que
912 776 1028 834 fuerunt
1038 776 1171 834 willelmi
1186 777 1221 834 de
1231 775 1440 854 annoudhem
1451 776 1479 832 in
1495 774 1649 842 Suundon,

450 877 510 926 tote
525 871 582 928 vite
602 871 712 947 prefate
727 873 869 930 Alienore.
913 875 950 932 Et
963 875 1152 932 concessimus
1166 875 1279 951 insuper
1293 894 1344 950 pro
1358 875 1438 930 uobis
1452 882 1481 930 et
1501 872 1650 930 heredibus

451 968 555 1024 nostris
570 969 644 1044 quod
665 971 772 1046 prefate
789 971 953 1030 Elimbethe
975 971 1009 1029 de
1030 973 1126 1048 Burgo
1147 973 1281 1048 percipiet
1301 983 1329 1028 et
1350 970 1451 1028 hebeet
1465 969 1650 1046 quadrugiute

452 1061 555 1120 eolides
570 1068 713 1124 annuatim
727 1069 764 1124 de
777 1087 870 1126 eunuc
883 1067 963 1126 firme
984 1089 1069 1146 quem
1088 1069 1205 1126 dilectus
1226 1069 1307 1126 uobis
1325 1071 1355 1126 in
1370 1067 1489 1128 Christo
1505 1067 1603 1125 Abhes
1617 1065 1651 1122 de

406 1193 408 1196 -
454 1157 599 1218 Walthem
616 1161 719 1220 Sancte
734 1165 835 1224 Crucis
845 1165 937 1224 reddit
950 1165 987 1224 ed
1007 1167 1175 1224 scaccarium
1190 1168 1348 1243 predictum
1362 1183 1415 1241 pro
1430 1163 1496 1222 viiie
1510 1162 1544 1220 de
1558 1162 1652 1221 Wult·

452 1253 519 1312 ham
541 1257 643 1318 Sancte
665 1260 773 1329 Crucis,
788 1271 817 1319 et
831 1263 935 1320 dietum
949 1265 1107 1321 manerium
1126 1263 1161 1322 de
1176 1263 1302 1322 Clnrette
1316 1262 1351 1320 de
1365 1261 1448 1318 dictis
1462 1261 1559 1318 decem
1572 1259 1650 1318 libris

452 1358 482 1407 et
495 1355 616 1428 predicte
630 1365 719 1414 terius
733 1367 761 1416 et
775 1367 933 1416 tenemente
947 1361 978 1417 in
990 1360 1135 1420 Steundon
1150 1359 1185 1418 de
1195 1360 1300 1418 eisdem
1311 1360 1435 1437 quinque
1448 1358 1549 1416 mercis
1560 1363 1652 1414 teuent

452 1459 605 1510 exonerate
618 1461 647 1510 et
659 1453 762 1531 quiete,
783 1455 850 1512 dum
864 1455 961 1513 eedem
977 1456 1112 1514 Alienore
1127 1457 1234 1516 vixerit.
1251 1466 1283 1512 ut
1296 1463 1340 1512 est
1353 1455 1468 1512 dictim.
1510 1453 1556 1512 Ite
1575 1451 1651 1528 quod

453 1543 476 1600 si
499 1546 607 1622 prefate
629 1549 795 1608 Elimbethe
808 1551 844 1608 de
861 1551 966 1626 Burgo,
987 1553 1047 1628 ipsa
1070 1552 1207 1611 Alienon
1221 1553 1341 1620 vivente,
1362 1553 1391 1608 in
1413 1551 1473 1608 fate
1493 1549 1653 1614 decesserit,

452 1647 520 1698 tuuc
541 1645 642 1719 prefati
663 1645 807 1705 Joheuues
831 1647 951 1706 Barduli
968 1661 996 1705 et
1021 1648 1186 1706 Elimbethe
1207 1669 1278 1706 uror
1297 1649 1358 1724 ejus
1377 1656 1405 1705 et
1426 1646 1542 1704 heredes
1563 1645 1650 1721 ipsius

455 1737 618 1800 Elizebethe
632 1744 720 1802 dictes
735 1745 829 1803 decern
843 1746 930 1804 libres
944 1745 979 1804 de
1000 1746 1125 1823 predicto
1145 1747 1269 1804 manerio
1283 1745 1318 1802 de
1333 1744 1458 1804 Clurette
1471 1753 1501 1800 et
1514 1743 1651 1819 predictos

452 1837 639 1915 quadraginta
653 1841 755 1898 solidos
769 1843 803 1900 de
817 1843 892 1901 dicte
905 1843 985 1902 firme
1005 1843 1040 1902 de
1054 1845 1200 1902 Walthem
1222 1843 1376 1920 percipiant
1389 1851 1417 1898 et
1430 1841 1561 1906 hebennt,
1575 1838 1652 1896 etde

452 1935 575 2012 quinque
589 1939 690 1996 mercis
701 1941 809 2006 annuis,
824 1940 859 1998 de
873 1941 975 2016 quibus
989 1941 1064 1998 idem
1075 1941 1219 2000 Joheunes
1233 1940 1352 1998 Berdolt’
1362 1950 1390 1997 et
1403 1937 1567 1998 Elizebethe
1580 1956 1652 1994 uxor

451 2035 513 2110 ejus
527 2044 556 2093 et
569 2035 685 2094 heredes
708 2039 794 2114 ipsius
811 2038 976 2097 Elizebethe
998 2048 1194 2115 postmortem
1215 2039 1322 2115 prefate
1338 2037 1502 2094 Elizebethe
1516 2035 1650 2093 onerandi

451 2133 585 2200 existunt,
599 2154 667 2209 erge
680 2155 732 2192 noe
743 2145 772 2192 et
781 2135 898 2194 heredes
909 2145 1019 2194 nostros
1029 2145 1214 2194 exonerentur
1227 2145 1256 2192 et
1269 2135 1325 2193 eiut
1339 2135 1435 2211 quieti,
1443 2135 1503 2210 ipse
1515 2133 1652 2190 Alieuure

452 2229 491 2286 sic
506 2231 646 2288 vivente*
688 2233 732 2290 Ite
745 2234 829 2291 etiam
847 2233 922 2310 quod
936 2242 1133 2310 postmortem
1147 2232 1271 2309 ejusdem
1288 2231 1422 2289 Alienore
1436 2231 1517 2288 nobie
1530 2240 1559 2288 et
1572 2230 1652 2289 here·

452 2324 534 2382 dibus
548 2327 650 2384 nostrie
664 2327 699 2385 de
713 2328 794 2386 dictis
809 2330 907 2406 viginti
922 2337 951 2386 et
964 2329 1054 2386 tribus
1068 2330 1168 2386 mercis
1183 2329 1326 2386 annuatim
1346 2327 1554 2403 respondeatur,
1569 2335 1653 2404 prout

451 2430 533 2480 antee
553 2421 613 2480 fieri
633 2427 786 2482 consuevit.
827 2424 861 2483 In
881 2429 962 2504 cujus
984 2427 1032 2494 rei,
1055 2431 1107 2484 dre.
1150 2426 1237 2484 Teste
1254 2425 1333 2501 Rege
1353 2425 1429 2502 apud
1444 2425 1558 2482 Turrim
1573 2424 1650 2482 Lon·

451 2517 607 2586 denienmr,
620 2521 668 2578 xiii
683 2521 726 2578 die
743 2523 874 2597 Augusti.
916 2523 971 2580 Per
985 2524 1075 2598 ipsum
1092 2521 1226 2597 Regem.”

494 2615 557 2674 sse
570 2617 620 2674 vill
642 2619 675 2675 of
693 2618 837 2677 liketshell
859 2620 982 2678 includes
997 2641 1033 2677 no
1048 2621 1103 2677 less
1117 2620 1185 2676 than
1199 2619 1264 2676 four
1277 2617 1412 2694 parishes,
1430 2617 1471 2675 St.
1485 2616 1594 2685 John’s,
1610 2617 1654 2676 St.

454 2714 609 2784 Andrew's,
626 2715 668 2776 St
682 2717 860 2785 Luureme's,
875 2719 930 2776 end
947 2719 989 2778 st
999 2717 1178 2793 Margaret’s,
1194 2718 1221 2773 in
1237 2717 1285 2774 the
1296 2715 1425 2774 hundred
1439 2715 1472 2772 of
1483 2714 1655 2791 Wangford,

451 2811 732 2881 {inuoluendum
746 2815 851 2872 several
866 2835 987 2882 menore,
1007 2814 1041 2871 of
1058 2814 1150 2870 which
1164 2813 1225 2870 thet
1245 2814 1329 2888 given
1343 2814 1380 2890 by
1397 2811 1452 2869 thie
1472 2810 1583 2868 cherter
1597 2811 1653 2869 hed

450 2910 499 2968 the
512 2930 595 2970 neme
609 2911 642 2968 of
661 2912 807 2970 Bardolf's
821 2913 894 2970 from
909 2912 987 2970 these
1008 2919 1157 2988 grentees;
1178 2909 1234 2967 und
1250 2909 1373 2985 Clopten
1387 2910 1410 2965 is
1424 2927 1442 2965 e
1455 2908 1552 2985 perish
1566 2909 1594 2965 iu
1608 2908 1656 2966 the

450 3006 579 3068 hundred
592 3009 626 3066 of
634 3010 766 3067 Cerlt'ord
780 3010 809 3066 in
823 3011 871 3066 the
885 3030 961 3068 same
975 3018 1088 3088 county.

450 3137 518 3195 reign
529 3137 556 3181 ei
565 3135 632 3195 King
642 3135 715 3192 John,
724 3137 803 3182 under
815 3136 851 3182 De
861 3137 931 3182 nodo
939 3136 1054 3183 Willelmi
1067 3137 1097 3182 de
1109 3135 1246 3183 Muctruillo
1258 3135 1413 3196 (Mentreuil)
1427 3136 1449 3182 ri
1460 3135 1558 3190 minue
1574 3135 1590 3160 “
1597 3135 1654 3182 inde

451 3217 553 3266 hebetur
568 3218 594 3262 iu
612 3217 686 3264 nm:
703 3217 817 3274 clamne,
834 3233 907 3278 quem
923 3219 991 3264 herce
1011 3217 1108 3264 Redulfl
1126 3220 1156 3264 de
1172 3219 1289 3264 Ooruhull
1307 3225 1374 3264 tenet
1390 3231 1433 3278 per
1448 3231 1525 3263 unum
1542 3217 1651 3275 militem,

452 3304 476 3346 et
492 3299 538 3345 trie
554 3299 681 3358 quanter-in
693 3299 821 3356 Geldhem,
833 3315 905 3359 quem
917 3301 1002 3345 Comes
1014 3300 1127 3345 Albricuc
1140 3305 1205 3346 tenet
1221 3316 1264 3361 pro
1281 3301 1330 3346 duo
1347 3301 1463 3346 militibu·
1479 3306 1503 3346 et
1515 3314 1564 3346 unc
1581 3314 1651 3360 quur-

451 3382 539 3427 terio.''
571 3380 699 3437 Yeldhnm‚
719 3396 773 3427 now
792 3383 910 3442 epurieh,
926 3396 974 3426 wne
991 3397 1005 3426 u
1022 3381 1139 3426 berewick
1156 3381 1183 3428 oi
1198 3381 1267 3429 Ciure
1284 3389 1309 3428 nt
1324 3383 1366 3428 the
1383 3383 1440 3428 time
1458 3382 1485 3428 oi
1501 3381 1541 3427 the
1553 3380 1651 3442 Survey.

452 3463 502 3509 The
519 3463 637 3524 daughter
655 3463 703 3512 end
723 3463 775 3514 heir
791 3463 817 3510 oi
837 3463 915 3524 Relph
936 3463 966 3510 de
983 3463 1114 3510 Cornhulle
1134 3478 1181 3509 wus
1201 3465 1322 3511 dcubtlese
1338 3466 1379 3511 the
1400 3465 1453 3510 wife
1470 3464 1497 3510 oi
1514 3462 1605 3510 Rebert
1621 3465 1651 3510 de

452 3545 594 3604 Crevequer,
611 3545 689 3592 whose
708 3560 751 3592 eon
772 3546 821 3591 end
842 3546 901 3602 heir,
919 3545 1015 3592 Hemou
1032 3546 1063 3592 de
1080 3545 1223 3605 Crevequer,
1242 3547 1344 3592 married
1366 3545 1440 3591 Meud
1459 3545 1489 3590 de
1506 3544 1652 3602 Arrunchee,

450 3627 539 3674 heum
549 3627 576 3673 ci
588 3627 629 3673 the
645 3628 734 3687 berony
744 3628 772 3674 oi
786 3627 921 3674 Fclketcue
955 3627 1027 3674 Their
1042 3628 1171 3689 grandson,
1183 3625 1274 3674 Rebert
1285 3628 1316 3674 de
1329 3629 1472 3686 Grevequcr,
1483 3625 1592 3672 torieited
1609 3627 1651 3674 the

450 3723 535 3756 muner
554 3709 581 3754 01
595 3707 712 3754 Chethem
730 3707 755 3754 in
774 3707 847 3763 Keut,
858 3708 906 3753 und
923 3708 964 3753 the
982 3722 1066 3754 muner
1082 3709 1168 3756 named
1184 3710 1267 3765 above,
1286 3709 1311 3754 in
1331 3710 1372 3755 the
1392 3710 1460 3769 reign
1472 3707 1590 3767 offleury
1602 3705 1650 3754 111.

450 3791 502 3838 une
513 3791 600 3836 sonner
616 3805 699 3836 muner
710 3805 757 3836 wne
773 3791 843 3850 given
860 3795 884 3836 to
904 3789 986 3837 Guido
1003 3789 1076 3836 Ferre
1092 3791 1129 3836 ror
1144 3791 1182 3836 hic
1197 3790 1247 3848 lite,
1258 3791 1307 3837 und
1324 3791 1365 3837 the
1382 3791 1426 3837 lut
1443 3797 1468 3837 tc
1482 3789 1524 3838 the
1534 3789 1616 3849 nmuy
1627 3789 1654 3835 ei

451 3873 528 3928 Chre,
539 3873 631 3933 subject
641 3878 666 3919 to
677 3873 724 3918 this
735 3877 853 3931 peymeut.

482 3953 498 3986 *
515 3953 590 4000 There
607 3955 716 4000 lundein
734 3953 867 4010 Steundcu,
884 3953 1008 4000 otherwise
1026 3953 1143 4010 Stnndcn,
1155 3953 1232 4000 which
1249 3953 1298 4000 hed
1314 3955 1375 4000 been
1388 3955 1454 4002 thece
1464 3953 1492 4001 oi
1501 3953 1608 3999 william
1619 3952 1650 3998 de

450 4036 635 4097 Wymondhem,
647 4050 709 4083 were
727 4036 849 4083 doubtlece
865 4035 978 4082 identicel
993 4036 1051 4082 with
1068 4037 1110 4083 the
1126 4049 1211 4083 muner
1226 4035 1303 4084 called
1322 4036 1357 4082 Le
1373 4036 1440 4084 Dent
1456 4036 1482 4082 iu
1499 4035 1616 4092 Stnudou,
1627 4034 1655 4081 oi

448 4119 527 4168 chich
540 4119 664 4166 fflinheth
676 4120 707 4167 de
719 4117 802 4179 Burgh
814 4117 870 4165 died
881 4118 966 4166 eeieed.
