3930 5088
546 631 804 676 v1oucou1ruu
831 629 1115 675 nounournnuu.
1359 610 1395 666 91

253 782 401 848 exierunt
429 807 448 848 a
474 783 615 849 Ciuitate
637 804 697 867 pro
721 781 837 846 timore
863 780 997 845 Domini
1022 777 1130 864 Regis,
1152 797 1289 862 quorum
1313 772 1401 843 bona

254 883 374 951 Comes
389 887 466 952 fecit
479 896 653 972 asportare.

295 989 389 1053 Tunc
418 989 563 1052 minutus
592 987 733 1072 populus
763 986 866 1052 erexit
895 1008 940 1065 se,
969 1006 1089 1050 vocans
1119 1005 1154 1049 se
1182 984 1400 1049 Communam

255 1089 417 1169 Civitatis,
446 1089 530 1153 sicut
565 1091 628 1154 fuit
657 1099 803 1174 tempora
833 1088 972 1154 Comitia
1003 1087 1188 1168 Leicestrie,
1224 1099 1259 1152 et
1287 1086 1401 1152 habuit

253 1193 389 1276 primam
407 1214 521 1257 vocem
541 1193 576 1258 in
592 1194 754 1272 Civitate3
777 1193 823 1257 ita
841 1193 929 1277 quod
952 1192 1158 1276 quamplures
1182 1189 1223 1254 de
1248 1187 1400 1267 Ciuitate,

253 1304 287 1358 et
301 1295 399 1359 etiam
418 1297 458 1360 de
479 1293 701 1379 Magnetibus,
716 1315 774 1379 per
792 1293 882 1377 ipsos
904 1294 1037 1356 fuerunt
1057 1292 1142 1376 capti
1157 1300 1190 1355 et
1204 1290 1239 1353 in
1253 1289 1402 1355 custodia

254 1395 393 1461 Comitis
408 1397 528 1483 positi3
552 1397 626 1482 quia
639 1396 704 1481 ipsi
725 1397 857 1460 fuerunt
882 1394 1050 1459 manifeste
1078 1395 1118 1458 ad
1144 1394 1242 1459 fidem
1266 1393 1402 1459 Domini

254 1499 361 1582 Regis,
376 1519 514 1582 quorum
528 1497 615 1562 bona
628 1519 687 1582 per
703 1496 867 1561 Comitem
893 1496 946 1562 vel
971 1504 1170 1579 sequestrata
1193 1496 1324 1561 fuerunt
1348 1498 1401 1562 vel

253 1611 426 1685 asportata.
471 1600 518 1665 Et
543 1609 633 1678 tunc,
661 1621 721 1685 per
743 1598 935 1664 electionem
959 1599 1037 1663 dicti
1060 1598 1185 1684 populi,
1208 1600 1298 1680 factis
1323 1601 1498 1667 sunto-10¹
1513 1608 1546 1650 ν’·

254 1703 370 1768 Ballivi
410 1701 574 1767 Robertus
603 1702 644 1767 de
684 1701 828 1766 Lintona
857 1711 891 1766 et
920 1703 1067 1786 Rogerus
1098 1703 1328 1778 Marescallus;
1367 1715 1401 1770 et

254 1805 404 1869 dominus
424 1805 580 1869 Rioardus
595 1805 636 1869 dc
661 1805 846 1870 Culeworth
870 1805 974 1868 factus
998 1813 1049 1868 est
1075 1804 1230 1870 Summus
1255 1806 1400 1874 Ballivus

255 1907 404 1974 Civitatis
419 1929 477 1992 per
488 1906 661 1973 Comitem.
704 1910 798 1973 Tunc
809 1930 923 1972 omnes
935 1907 990 1993 qui
1001 1908 1132 1972 fuerunt
1143 1908 1234 1992 quasi
1245 1908 1401 1997 hutlagati

254 2013 294 2079 dc
310 2011 450 2078 Ciuitate
465 2033 524 2096 pro
546 2033 626 2096 pace
647 2012 783 2077 Domini
808 2013 905 2096 Regis
931 2009 1067 2076 infracta
1089 2019 1235 2094 tempore
1263 2010 1400 2079 Comitis

254 2113 449 2199 Leycestrie,
472 2124 633 2180 venerunt
658 2115 693 2178 in
718 2113 904 2194 Civitatem,
927 2123 962 2178 et
987 2114 1085 2198 gratis
1107 2113 1229 2198 recepti
1254 2126 1342 2194 sunt,
1368 2127 1401 2182 et

254 2237 378 2294 omnes,
394 2215 449 2300 qui
463 2216 668 2300 imprisonati
681 2217 813 2281 fuerunt
827 2215 859 2280 in
877 2216 1032 2300 Newgate
1046 2237 1105 2300 pro
1127 2217 1272 2301 predicta
1294 2241 1400 2300 causa,

252 2320 385 2383 fuerunt
400 2317 576 2382 deliberati.
910 2399 913 2406 .

296 2423 424 2501 Postea,
439 2421 491 2486 die
507 2419 663 2484 Mercurii
677 2428 755 2504 post
769 2419 914 2483 clausum
930 2420 1063 2500 Pascha,
1082 2420 1224 2487 inhibuit
1247 2425 1401 2510 Legatus,

253 2548 295 2590 ne
310 2547 467 2611 campane
481 2524 688 2610 pulsarentur
702 2523 736 2586 in
752 2521 902 2602 Civitate,
918 2532 1007 2588 etna
1034 2523 1143 2589 divina
1167 2526 1402 2592 celebrarentur

254 2651 326 2693 cum
349 2636 468 2705 cantu3
498 2635 549 2690 set
575 2625 637 2689 sub
664 2623 804 2702 silentio,
834 2624 951 2688 hostiis
974 2625 1180 2690 ecclesiarum
1203 2629 1331 2709 clausis,
1359 2653 1401 2695 nc

253 2731 376 2796 inimici
391 2729 499 2814 Regis,
514 2727 571 2812 qui
585 2726 691 2792 vocati
707 2735 785 2789 sunt
798 2724 994 2804 exheredati,
1005 2727 1228 2793 interfuissent
1242 2731 1283 2794 ad
1295 2732 1402 2797 divina

254 2832 423 2897 audienda.

299 2936 427 3011 Postea,
442 2931 546 2996 tribua
569 2927 758 3012 septimania
780 2937 858 3012 post
879 2927 1003 2991 Pascha
1025 2929 1173 3012 peractis,
1187 2931 1278 2996 venit
1299 2934 1403 2997 Dom-

254 3034 328 3098 inus
345 3035 415 3097 Rex
430 3053 504 3096 curn
520 3031 662 3096 exercitu
678 3052 738 3095 suo
753 3031 839 3116 apud
858 3032 1009 3110 Hamme,
1031 3041 1065 3096 et
1080 3033 1262 3117 hospitatus
1284 3047 1336 3100 est
1357 3036 1403 3102 ibi

255 3137 289 3199 in
305 3134 434 3199 abbatia
454 3129 703 3208 monachorum3
727 3143 760 3198 et
775 3135 839 3199 cito
855 3144 931 3220 post
945 3135 1087 3218 Legatua
1112 3137 1245 3200 recessit
1270 3161 1288 3202 a
1309 3140 1404 3204 Turri

255 3247 289 3302 et
303 3237 486 3321 hospitatus
501 3236 600 3300 estin
615 3235 727 3300 eadem
741 3235 914 3316 Abbathia,
937 3236 994 3300 ubi
1020 3238 1096 3319 fecit
1122 3238 1286 3304 stabulum
1312 3242 1407 3326 equis·

256 3340 323 3404 suis
338 3339 373 3404 in
389 3339 528 3403 claustro
544 3338 776 3403 monachorum
792 3360 850 3423 per
864 3339 984 3425 aliquid
998 3348 1138 3425 tempus.

301 3442 429 3518 Postea,
453 3439 494 3503 de
517 3439 569 3503 die
590 3441 629 3503 in'
648 3440 733 3504 diem
759 3441 943 3506 habuerunt
962 3443 1159 3528 colloquium
1183 3468 1242 3531 per
1266 3439 1402 3514 nuncios

256 3546 419 3610 Dominus
436 3543 507 3607 Rex
522 3553 556 3607 et
571 3543 691 3608 Comes
707 3543 747 3606 tle
762 3565 840 3628 pace
855 3545 1024 3609 formanda
1033 3571 1043 3624 ;
1067 3555 1117 3609 set
1133 3567 1261 3632 semper
1274 3548 1403 3614 interim

256 3647 385 3713 Comite
400 3646 568 3711 muniente
584 3644 758 3710 Civitatem
773 3655 806 3710 et
820 3647 988 3712 introitum
1004 3648 1155 3713 Civitatis
1172 3650 1247 3714 viris
1272 3652 1404 3716 armatis

255 3761 367 3815 contra
382 3749 559 3814 exercitum
575 3747 710 3812 Domini
725 3748 833 3832 Regis.

300 3848 563 3930 Memorandum,
573 3852 661 3936 quod
670 3852 704 3916 in
719 3851 774 3916 illa
783 3852 1024 3937 perturbatione
1036 3876 1102 3919 non
1114 3855 1262 3939 permisit
1274 3855 1403 3937 Comes,

256 3949 344 4035 quod
357 3949 414 4028 illi,
437 3951 493 4034 qui
515 3973 590 4016 cum
612 3977 651 4019 eo
672 3964 840 4035 venerunt,
864 3957 1017 4022 fecissent
1042 3956 1288 4042 depredationes
1315 3969 1405 4024 extra

258 4052 451 4126 Civitatem3
476 4053 533 4118 sed
548 4065 655 4122 tamen
671 4057 729 4136 illi,
744 4057 799 4143 qui
814 4058 946 4122 fuerunt
967 4059 1123 4143 hospitati
1150 4059 1233 4123 ultra
1258 4069 1404 4143 pontem,
