3920 5022
549 615 809 662 vroaeornoorr
836 614 1124 660 nonoomaauu.
1390 593 1409 652 5

341 769 499 836 Ricardus
511 769 551 834 de
563 767 796 854 Wymbeldon.

299 873 374 938 Hoo
396 894 481 938 anno
499 872 533 936 in
549 872 601 937 die
616 871 826 936 Pentecostes
841 879 1015 935 coronatos
1029 877 1081 934 est
1093 867 1181 934 idem
1195 867 1268 933 Rex
1283 865 1452 950 Hand-13⁶
1468 869 1615 946 ammosa

255 975 353 1056 ricus,
378 975 466 1060 apud
489 973 830 1052 westmonasterium,
854 972 996 1058 Hugone
1022 972 1063 1038 de
1091 972 1201 1057 Burgo
1220 969 1403 1036 Iustitiario
1416 936 1625 1000 mm*

257 1077 359 1142 totius
374 1078 510 1163 Anglie3
533 1086 567 1142 et
579 1076 695 1142 beatus
714 1076 857 1140 Thomas
883 1075 1002 1140 Martir
1025 1075 1200 1140 translatus
1220 1083 1272 1140 eat
1290 1081 1405 1160 postea

254 1178 289 1242 in
302 1178 453 1244 Crastino
469 1178 668 1244 Octavarum
682 1177 918 1262 Apostolorum
933 1176 1022 1242 Petri
1036 1188 1071 1244 et
1085 1177 1188 1242 Pauli.

341 1280 499 1345 Ricardus
515 1281 655 1365 Rynger.
1418 1307 1587 1356 ΝΜ,

340 1382 463 1448 Jooeus
474 1382 604 1448 Junior.

301 1485 377 1550 Hoo
391 1506 477 1550 anno
492 1486 625 1549 fuerunt
639 1483 757 1570 placita
772 1505 891 1550 corone
905 1483 992 1570 apud
1006 1483 1146 1550 Turrim·

342 1589 427 1653 Item
444 1588 600 1652 Ricardus
617 1588 754 1673 Renger.
1420 1585 1470 1632 ΛΨ·
1483 1585 1538 1633 00'·
1550 1582 1597 1646 κη’·

344 1692 489 1756 Thomas
504 1689 693 1755 Laumbert.

303 1793 379 1858 Hoe
402 1813 488 1857 anno
509 1813 686 1877 suspensus
708 1791 772 1857 fuit
787 1790 1023 1857 Constantinus
1036 1792 1123 1858 filius
1137 1791 1275 1872 Athulfi,
1290 1800 1325 1858 et
1339 1792 1409 1858 sine

256 1893 391 1980 judicio.

347 1996 433 2060 Item
447 1995 590 2059 Thomas
606 1993 795 2059 Laumbert.
1422 2001 1471 2049 Μ’.
1485 2000 1542 2049 00².
1552 1998 1610 2062 my.

346 2097 542 2162 Willielmus
552 2095 575 2161 J
576 2117 686 2182 oyner.

305 2198 380 2264 Hoc
406 2219 492 2262 anno
517 2197 622 2262 factus
638 2206 688 2262 est
708 2196 818 2263 Maior
831 2198 1076 2264 Londoniarum
1098 2199 1256 2264 Ricardus
1271 2199 1409 2285 Renger,

260 2301 317 2387 qui
331 2301 459 2366 duravit
472 2322 531 2386 per
543 2323 575 2365 v.
591 2322 705 2365 annos.

347 2402 432 2467 Item
447 2399 470 2465 J
471 2401 616 2466 ohannes
630 2401 777 2466 Travers.
1424 2424 1473 2472 Ma.
1487 2419 1620 2488 ocasm‘o

348 2504 495 2569 Andreas
512 2503 663 2568 Bukerel.

346 2607 432 2672 Item
445 2606 593 2672 Andreas
608 2605 759 2671 Bukerel.
1425 2611 1636 2697 Mammas-⁶

352 2707 437 2771 Item
452 2707 474 2771 J
476 2707 620 2771 ohannes
631 2706 779 2771 I'ravers.

349 2808 512 2874 Martinus
527 2807 613 2871 filius
629 2807 806 2872 willielmi.
1426 2833 1475 2880 m
1488 2832 1545 2880 co).
1555 2845 1608 2878 m.

349 2913 496 2996 Rogerus
511 2909 542 2973 le
560 2910 645 2973 Duo.
1553 2923 1562 2932 *

350 3014 435 3078 Item
452 3012 615 3076 Martinus
631 3010 716 3074 filius
731 3010 909 3076 willielmi.
1427 3044 1476 3092 11⁰.
1489 3043 1546 3092 οὗ»,
1556 3041 1617 3105 πη..

351 3115 438 3180 Item
452 3116 599 3199 Rogerus
610 3115 641 3179 le
654 3115 740 3179 Duo.

308 3215 384 3280 Hoc
398 3238 484 3280 anno
499 3216 631 3280 fuerunt
645 3216 763 3300 placita
784 3235 902 3280 oorone
919 3217 1005 3301 apud
1025 3215 1166 3298 Turrim,
1191 3228 1226 3283 et
1244 3217 1413 3285 Johannes

266 3316 422 3382 Herlisan
437 3314 554 3380 defecit
580 3315 616 3379 in
641 3317 711 3401 lege
733 3338 802 3397 sua,
828 3339 925 3402 quam
939 3318 1081 3384 radiavit
1098 3341 1158 3405 pro
1178 3329 1283 3386 morte
1317 3321 1414 3386 Lam·

264 3418 349 3484 berti
369 3416 409 3482 de
425 3417 533 3502 Legis,
545 3417 598 3482 oui
612 3419 775 3483 Dominus
791 3421 863 3482 Rex
877 3421 1038 3485 oonoessit
1050 3421 1151 3486 vitam
1167 3431 1200 3487 et
1215 3423 1360 3489 membra
1373 3426 1414 3490 ad

263 3520 452 3586 instantiam
467 3541 600 3605 precum
615 3520 793 3586 Mulierum
810 3520 980 3602 Civitatis3
1003 3533 1036 3587 et
1055 3523 1159 3588 faetus
1182 3535 1233 3590 est
1255 3527 1414 3612 Hospita-

263 3622 363 3687 larius
377 3622 412 3686 in
423 3621 589 3708 Hospitali
603 3622 627 3686 J
628 3623 819 3708 erosolyme.

352 3725 568 3791 Henriousde
584 3726 744 3790 Cokham.
1428 3741 1629 3806 Maecenat.

352 3827 537 3912 Stephanus
550 3827 700 3892 Bukerel.

310 3929 385 3994 Hoc
399 3951 485 3994 anno
512 3932 616 3994 faetus
637 3940 687 3995 est
711 3930 820 3998 Maior
843 3932 1088 4000 Londoniarum
1115 3935 1261 4022 Rogatus
1283 3936 1314 4002 Ie
1329 3937 1415 4017 Duo,

266 4031 322 4117 qui
338 4032 466 4096 duravit
478 4054 537 4117 per
550 4032 608 4117 iiij.
623 4055 737 4099 annos.
