3850 5020
810 629 989 676 sarraca.
1415 612 1494 678 xxxi

291 783 328 841 be
340 781 397 840 bad
414 781 472 840 had
490 782 564 841 issue
577 781 666 852 born;
685 783 736 841 but
755 783 832 859 prior
851 791 882 842 to
901 783 946 842 his
965 784 1081 842 decenae
1102 781 1150 840 tho
1170 782 1237 859 only
1256 781 1386 840 surriror
1403 804 1459 842 was
1477 805 1495 844 a

292 881 439 958 daughter,
448 879 578 948 Iaaballa,
595 879 662 937 then
676 878 797 938 married
807 888 838 938 to
849 880 950 957 Hugh,
961 879 1041 940 Lord
1061 879 1183 938 Bardolf
1192 880 1226 938 of
1236 880 1413 960 Wirmegay,
1423 901 1496 939 com.

293 978 377 1037 Norf.
388 998 419 1038 as
429 976 486 1034 will
499 996 602 1054 appear
611 979 651 1054 by
661 977 710 1036 tha
724 977 830 1054 aequel.

334 1075 383 1134 On
392 1075 442 1134 the
454 1074 522 1132 Roll
533 1074 566 1132 of
577 1072 689 1130 Letters
701 1074 805 1132 Patent
818 1073 852 1132 cl
861 1071 910 1131 the
920 1071 1074 1151 fifty-third
1086 1091 1156 1150 year
1165 1073 1199 1130 of
1210 1073 1312 1152 Honry
1326 1072 1392 1143 111„
1409 1074 1497 1142 1269,

291 1174 317 1232 is
330 1172 388 1230 this
401 1179 502 1250 entryr
525 1171 611 1230 “Pro
626 1169 752 1228 Roberto
767 1171 903 1247 Aguilon.
944 1171 1010 1230 Rex
1031 1171 1169 1239 omnibus,
1183 1174 1235 1228 &c
1254 1170 1382 1228 salntem.
1423 1169 1498 1229 Cum

294 1287 384 1347 nuper
409 1269 518 1326 rationo
541 1267 712 1325 matrimonii
736 1267 809 1324 inter
832 1266 967 1325 dilectum
993 1275 1023 1324 et
1049 1265 1160 1323 fidel·-
1182 1273 1312 1324 nostrum
1341 1264 1498 1324 Robertum

296 1365 434 1442 Aguillon
447 1373 477 1422 ct
490 1365 622 1423 dilectam
642 1364 722 1422 nobis
744 1363 939 1440 Margaretam
953 1363 1134 1424 comitissam
1157 1363 1262 1432 Insula,
1276 1381 1498 1434 meramnum,

294 1463 475 1522 contrahendi
488 1471 518 1520 ot
530 1481 582 1540 pro
597 1461 673 1520 fideli
692 1469 722 1518 et
734 1460 869 1520 laudabili
893 1461 1007 1519 comitio
1021 1461 1097 1537 qnod
1111 1460 1185 1518 idem
1199 1461 1344 1520 Robertus
1360 1460 1496 1537 Aguillon

294 1568 354 1619 tam
367 1561 396 1618 in
410 1569 535 1638 tempore
545 1559 711 1617 turbationis
721 1558 817 1616 habite
830 1559 860 1615 in
870 1577 957 1634 regno
968 1567 1065 1616 nostro
1079 1577 1163 1635 quam
1173 1558 1250 1635 pacis
1260 1559 1341 1617 nobis
1352 1558 1498 1634 impendit,

296 1655 515 1716 concesserimus
529 1654 675 1731 providere
694 1653 785 1711 eidem
797 1654 827 1711 in
841 1653 968 1712 ducentia
981 1654 1090 1712 libratis
1103 1662 1188 1723 terra,
1200 1654 1267 1712 hine
1280 1655 1309 1712 in
1323 1663 1402 1732 parte
1416 1657 1498 1712 satis·

296 1753 427 1812 moenis
441 1751 629 1809 concessionis
643 1759 739 1808 nostro
760 1749 884 1826 predicte
906 1752 1094 1808 concessimus
1107 1753 1134 1808 ei
1147 1751 1302 1810 custodiam
1321 1759 1459 1809 terrarum
1472 1759 1501 1810 et

296 1847 432 1906 heredum
458 1846 571 1904 Ricardi
593 1846 628 1903 de
655 1846 733 1904 Plain
755 1864 844 1923 nuper
866 1845 999 1916 defuncti,
1018 1847 1068 1923 qui
1089 1847 1124 1906 de
1145 1849 1228 1906 nobis
1251 1851 1343 1906 tenuit
1358 1849 1388 1907 in
1402 1849 1501 1925 capite,

297 1943 455 2003 habendam
468 1951 498 2001 et
511 1942 659 2001 tenendam
679 1942 769 2000 eidem
784 1943 910 2001 Roberto
923 1951 952 2000 et
965 1945 1115 2021 assignatis
1130 1945 1187 2003 suis
1198 1965 1262 2003 cum
1272 1946 1361 2005 feodis
1371 1945 1501 2014 militum,

297 2041 534 2102 advocacionibus
545 2040 734 2109 ecclesiarum,
749 2061 814 2098 cum
834 2040 995 2110 acciderint,
1010 2049 1039 2100 et
1053 2043 1182 2100 omnibus
1196 2043 1258 2102 aliis
1272 2062 1327 2121 que
1340 2042 1501 2121 hujusmodi

297 2138 459 2198 custodibus
473 2158 538 2196 cum
551 2137 679 2196 custodia
692 2138 818 2197 accidere
829 2147 961 2216 poterunt
972 2139 1017 2196 vel
1027 2141 1174 2217 pertinere,
1188 2159 1278 2218 usque
1288 2141 1324 2200 ad
1334 2142 1501 2219 legittimam

296 2245 400 2294 etatem
410 2235 544 2294 heredum
552 2237 750 2312 predictorum,
764 2256 821 2294 una
834 2256 899 2294 oum
911 2238 1066 2314 maritsglis
1074 2257 1172 2295 eorum
1186 2239 1244 2298 sine
1258 2239 1503 2316 disperagatione;

297 2335 337 2391 ila
350 2341 443 2391 tamen
457 2332 535 2408 qnod
555 2333 578 2390 si
592 2341 666 2391 terre
686 2341 716 2391 et
735 2340 893 2391 tenemento
915 2332 1039 2408 predicte
1053 2333 1178 2391 valorem
1199 2335 1385 2392 concessionis
1405 2343 1501 2392 nostra

297 2430 420 2508 predicta
433 2449 489 2486 non
503 2431 655 2507 attingant,
668 2437 736 2489 tuno
750 2430 841 2488 eidem
856 2429 984 2488 Roberto
997 2429 1033 2487 de
1053 2449 1085 2488 ao
1100 2429 1176 2507 quod
1188 2430 1277 2489 eidem
1291 2431 1420 2500 deluerit,
1435 2431 1501 2490 alibi

298 2527 507 2586 satisfaciemus.
550 2527 589 2586 Et
603 2529 626 2585 si
640 2528 765 2586 valorem
786 2527 912 2605 ejusdem
930 2528 1117 2586 concessionis
1134 2529 1279 2598 excedant,
1300 2539 1368 2588 tunc
1382 2530 1412 2587 id
1425 2528 1501 2606 quod

298 2624 363 2682 inde
384 2623 553 2700 superlinuit
576 2623 658 2682 nobis
681 2632 834 2682 remaneat.
875 2622 910 2680 In
932 2624 1014 2699 cujus
1042 2623 1082 2680 rei
1106 2624 1297 2682 testimonium
1322 2625 1375 2683 has
1395 2624 1503 2682 litteras

300 2730 411 2780 nostras
425 2720 486 2778 lieri
504 2721 623 2778 fecimus
637 2728 775 2797 patentes.
816 2721 903 2778 Testa
918 2720 998 2796 Rege
1012 2719 1088 2796 apud
1099 2719 1285 2799 Wyntoninm
1297 2721 1345 2778 xiii
1359 2721 1404 2779 die
1417 2719 1506 2781 Junii.

301 2821 341 2878 Et
353 2818 516 2877 mandatum
536 2825 580 2875 est
593 2817 718 2875 Jobauni
738 2817 766 2876 le
781 2816 898 2895 Moyne,
915 2816 1060 2875 Escaetori
1081 2817 1154 2873 oltra
1174 2818 1318 2886 Trentam‚
1343 2817 1419 2894 quod
1442 2818 1503 2874 sine

300 2915 432 2976 dilatione
449 2915 536 2972 faciat
548 2913 652 2972 habere
666 2913 756 2972 eidem
772 2912 899 2970 Roberto
911 2912 1024 2990 plenam
1038 2913 1171 2970 saisinam
1185 2913 1219 2970 de
1240 2913 1365 2971 custodia
1378 2913 1503 2990 prodicta

300 3034 364 3072 cnm
377 3011 550 3091 pertinentiis
561 3012 590 3069 in
603 3011 697 3070 forma
710 3009 844 3088 predicta,
858 3018 887 3068 et
899 3009 976 3067 sacta
985 3008 1071 3085 legali
1084 3017 1196 3066 extenta
1206 3009 1242 3067 de
1255 3009 1350 3068 valore
1362 3017 1501 3068 terrarum

301 3118 331 3167 et
343 3118 566 3168 tenementorum
589 3108 779 3185 predictorum
801 3106 877 3185 quod
897 3105 1006 3182 Regem
1030 3103 1065 3161 de
1085 3103 1184 3168 cadem
1196 3103 1291 3163 valore
1314 3125 1400 3182 quam
1420 3104 1502 3162 citius

303 3207 462 3266 certificet.”

346 3303 471 3361 Richard
485 3303 519 3360 de
534 3301 623 3370 Plaia,
637 3321 691 3360 one
704 3301 738 3358 ol
756 3300 805 3358 the
818 3299 928 3359 coheirs
947 3299 981 3358 cf
992 3299 1120 3358 Richard
1133 3298 1167 3356 de
1182 3299 1362 3369 Montlichet,
1375 3300 1409 3358 ol
1421 3298 1505 3359 Stan-

304 3400 392 3467 staad‚
407 3418 479 3456 com.
493 3399 593 3467 Esses,
606 3398 651 3455 his
664 3397 756 3465 uncle,
770 3397 834 3456 who
848 3397 895 3456 did
908 3397 1028 3473 homage
1046 3396 1093 3454 l'or
1107 3395 1218 3476 Olreley
1233 3397 1343 3474 Magna
1356 3396 1412 3455 and
1426 3393 1506 3453 other

302 3497 384 3556 landa
408 3498 437 3554 in
452 3495 552 3563 Esses,
566 3495 658 3571 parcel
680 3494 713 3551 of
727 3494 776 3552 the
788 3495 896 3571 barony
910 3495 944 3552 of
962 3493 1140 3563 Montlichet,
1156 3514 1192 3552 on
1206 3494 1254 3552 tha
1279 3495 1348 3552 leth
1367 3493 1450 3570 May,
1465 3491 1505 3548 52

305 3595 384 3655 Heu.
397 3595 455 3654 111.
473 3593 558 3662 1268,
582 3610 639 3649 was
660 3591 795 3648 deceased
813 3590 861 3649 the
881 3590 1026 3667 following
1044 3611 1120 3670 year,
1141 3592 1254 3669 leaving
1273 3611 1309 3650 an
1332 3591 1425 3650 infant
1436 3589 1508 3658 heir,

306 3694 403 3771 Ralph
416 3693 451 3752 de
462 3691 560 3770 Phys,
570 3688 642 3766 agad
653 3690 719 3747 nine
732 3707 824 3768 years,
833 3689 862 3746 in
873 3691 893 3746 3
905 3687 985 3746 Edw.
996 3688 1029 3758 1.,
1043 3689 1129 3765 being
1141 3689 1210 3747 then
1223 3691 1253 3746 in
1262 3690 1340 3748 ward
1351 3698 1382 3748 to
1398 3688 1508 3747 Robert

305 3790 441 3868 Aguilon.
483 3788 540 3847 His
553 3787 681 3864 poterml
700 3786 873 3844 inheritance
886 3804 944 3844 was
964 3785 1013 3844 the
1033 3805 1133 3846 manor
1152 3787 1316 3864 olWiting,
1337 3807 1410 3846 com.
1423 3782 1507 3844 Ncrl'.

304 3887 373 3947 hald
386 3887 419 3946 of
439 3887 487 3944 the
502 3885 585 3943 Earls
599 3886 729 3952 Warren,
743 3883 874 3960 together
887 3883 954 3940 with
978 3883 1059 3941 other
1081 3903 1195 3941 mauors
1215 3884 1244 3942 in
1269 3883 1373 3943 Sussex
1392 3883 1458 3942 bald
1477 3882 1511 3940 of

306 3985 378 4045 their
390 3985 498 4061 barony
513 3982 546 4040 of
556 3981 664 4041 Lcwm.
705 3981 865 4058 Margaret,
881 3979 1022 4040 Countms
1046 3981 1079 4040 of
1095 3981 1198 4040 Darou
1219 3983 1275 4039 and
1295 3983 1328 4040 ol'
1344 3981 1394 4041 the
1407 3981 1464 4040 Irla
1478 3977 1512 4037 oi

308 4081 417 4158 Wigbt,
431 4099 519 4140 wasa
533 4079 670 4156 daughter
681 4077 714 4136 of
732 4078 857 4136 Thomas
876 4077 977 4138 Gomte
997 4079 1031 4136 of
1052 4077 1156 4158 Savoy,
1170 4079 1225 4136 and
1239 4080 1321 4138 nster
1335 4079 1368 4138 of
1386 4077 1510 4143 Beatrix‚

307 4178 370 4236 uile
383 4178 418 4237 of
429 4177 737 4257 Raymond·Berenger
754 4175 856 4238 Come
869 4176 903 4236 of
914 4177 1069 4246 Prorence,
1079 4174 1191 4236 mother
1209 4176 1243 4234 of
1253 4177 1390 4236 Alienora
1403 4173 1466 4232 wife
1480 4171 1514 4228 of
