3850 5020
805 627 981 676 PRBFAGE·
1426 639 1488 682 XXV

332 789 349 818 “
357 780 419 839 Rex
428 779 647 839 dilectoetlideli
657 801 708 839 suo
717 781 827 840 Thema
836 783 894 841 filio
902 783 1021 852 Thema,
1029 785 1129 842 maiori
1138 783 1489 856 Londoniarumsalutem.

290 877 375 944 Cum,
390 876 486 934 sedata
498 877 656 934 turbatione
669 896 759 954 nuper
778 878 875 935 habita
899 879 928 936 in
949 897 1037 955 regno
1060 887 1169 948 nosue,
1195 880 1229 938 de
1243 882 1359 940 consilio
1372 902 1489 959 magna·

289 983 384 1032 torum
396 983 557 1032 nostrorum
569 975 656 1032 fuerit
668 976 811 1052 provisum
826 976 901 1051 quod
914 997 932 1033 a
944 976 1086 1034 nonnullis
1099 977 1227 1053 ejusdem
1240 981 1320 1055 regni
1333 999 1489 1037 sacramen-

290 1081 360 1140 tum,
375 1072 452 1148 quod
465 1091 515 1130 vos
528 1091 586 1130 non
599 1073 676 1143 latet,
695 1073 777 1131 nobis
795 1081 974 1150 prestaretur,
994 1093 1028 1132 ac
1049 1075 1190 1134 Robertus
1207 1077 1346 1152 Aguillun
1360 1077 1397 1138 ad
1411 1097 1489 1135 man·

291 1169 388 1227 datum
409 1177 536 1226 nostrum
558 1169 639 1228 nobis
660 1179 864 1228 sacramentum
888 1170 958 1227 illud
978 1171 1103 1228 nondum
1116 1174 1275 1249 prestiterit,
1300 1174 1334 1231 de
1358 1173 1491 1233 fidelitate

290 1273 383 1326 vestra
396 1265 477 1343 plene
490 1265 669 1334 confidentes,
682 1267 764 1323 robis
778 1267 953 1342 presentibus
967 1266 1066 1324 litteris
1086 1268 1189 1326 nostris
1212 1269 1309 1327 damus
1323 1277 1489 1350 potestatem

290 1363 438 1440 recipiendi
452 1383 469 1420 a
482 1362 592 1439 prefato
604 1363 738 1432 Roberto,
749 1364 810 1421 vice
828 1371 933 1434 nostra,
948 1373 1153 1423 sacramentum
1167 1365 1331 1442 predictum.
1373 1365 1413 1424 Et
1425 1365 1489 1422 ideo

288 1461 368 1520 robis
382 1460 546 1519 mandamus
568 1460 644 1536 quod
667 1470 870 1520 sacramentum
890 1462 961 1520 illud
974 1483 993 1520 a
1005 1462 1113 1539 prefato
1129 1463 1254 1520 Roberto
1267 1463 1379 1520 nomine
1392 1471 1489 1520 nostro

288 1557 437 1633 recipiatis,
451 1557 523 1614 sicut
536 1556 691 1631 predictum
704 1565 756 1614 est.
797 1557 832 1614 In
845 1559 925 1633 cujus
939 1567 991 1616 etc.
1033 1559 1119 1616 Teste
1135 1559 1214 1635 Rege
1227 1559 1302 1635 apud
1317 1557 1489 1635 Northamp.

288 1662 385 1712 tonam
398 1653 426 1708 xi
439 1651 484 1709 die
499 1652 615 1728 Aprilis.
697 1652 753 1711 Per
766 1654 893 1710 comitem
909 1653 1061 1712 Leioestrie
1073 1662 1103 1712 et
1115 1662 1206 1712 totum
1220 1652 1395 1712 concilium.”

331 1750 424 1808 “Rex
447 1748 537 1806 eidem
560 1749 665 1806 Maiori
680 1749 807 1808 salutem.
849 1750 931 1818 Cum,
954 1751 1051 1809 sedata
1064 1753 1223 1809 turbatione
1236 1769 1325 1827 nuper
1347 1749 1444 1808 habita
1458 1750 1487 1806 in

289 1868 386 1925 regno,
407 1847 442 1905 ds
456 1847 571 1905 oonsilio
591 1856 753 1924 magnatum
775 1856 935 1905 nostrorum
955 1847 1039 1906 fuerit
1052 1849 1203 1926 provisum,
1218 1845 1294 1922 quod
1315 1845 1488 1904 anennullis

289 1945 414 2024 ejusdem
424 1944 504 2020 regni
517 1952 730 2010 sacramentum,
741 1944 770 2000 in
780 1945 871 2002 forma
884 1963 969 2020 quam
979 1947 1113 2022 magister
1127 1945 1252 2004 Thomas
1264 1945 1298 2002 de
1314 1943 1488 2002 Piwelesdon

289 2044 369 2102 robis
377 2048 496 2118 exponet
506 2040 540 2097 de
554 2048 634 2117 parta
648 2049 753 2109 nostra,
763 2041 844 2098 nobis
858 2049 1038 2117 prestaretur,
1051 2050 1081 2100 et
1096 2042 1238 2100 Robertus
1254 2041 1383 2116 Aguilnn
1397 2058 1489 2098 sacra-

289 2147 415 2198 mentum
428 2137 498 2196 illud
518 2136 655 2196 hactenus
675 2146 799 2214 prestare
821 2137 969 2206 distulerit,
992 2157 1035 2206 ao,
1054 2140 1088 2198 de
1111 2139 1230 2198 coneilio
1243 2145 1340 2196 nostro
1364 2137 1489 2214 predicto

288 2237 368 2294 robis
382 2254 432 2311 per
452 2235 560 2291 litteras
584 2244 694 2291 nostras
718 2242 852 2311 patentes,
867 2253 938 2309 quas
958 2253 1016 2293 una
1037 2255 1102 2293 cum
1114 2236 1289 2314 presentibus
1303 2235 1383 2292 vobis
1396 2242 1490 2292 traus-

288 2330 432 2396 mittimus,
460 2333 626 2404 potestatem
653 2327 779 2384 dedimus
804 2337 1010 2384 sacramentum
1033 2328 1103 2386 illud
1126 2332 1162 2388 ab
1189 2351 1223 2390 eo
1250 2330 1401 2408 recipiendi
1427 2331 1489 2388 vioe

288 2434 392 2492 nostra,
407 2431 490 2501 prout
507 2423 606 2480 litteris
620 2423 751 2500 predictis
771 2424 879 2500 plenius
898 2425 1074 2493 continetur3
1094 2427 1175 2484 robis
1188 2427 1352 2485 mandamus
1366 2427 1450 2503 quod,
1465 2428 1489 2484 si

288 2522 413 2599 prefatus
428 2519 572 2577 liebertus
586 2524 788 2574 sacramentum
801 2516 957 2592 predictum
970 2537 1064 2576 ocram
1078 2519 1157 2577 vobis
1172 2528 1295 2596 prestare
1316 2517 1490 2576 recusaverit

288 2618 334 2676 rel
347 2617 485 2675 malitiose
498 2614 647 2682 distulerit,
668 2621 736 2670 tunc
749 2613 841 2688 ipsum
854 2612 972 2669 arestari
987 2622 1015 2669 et
1029 2613 1107 2671 salvo
1121 2616 1254 2672 custodiri
1267 2614 1385 2682 faciatis,
1400 2615 1489 2673 donec

288 2715 365 2774 aliud
379 2715 490 2772 anobis
504 2713 569 2772 inde
582 2711 742 2786 receperitis
763 2711 792 2766 in
805 2709 953 2778 mandatis,
973 2717 1002 2766 et
1014 2710 1068 2767 hoo
1082 2710 1240 2769 nullatenus
1254 2711 1398 2768 omittatis.
1440 2710 1490 2768 Ad

289 2814 351 2882 hec,
365 2813 431 2889 quia
443 2811 567 2889 prefatus
582 2807 724 2865 Robertus
744 2826 795 2883 per
818 2806 978 2863 dilationem
998 2808 1176 2882 praelationis
1191 2808 1358 2866 sacramenti
1372 2805 1489 2882 predicti

289 2911 424 2986 mugisse
437 2906 518 2964 nobis
531 2902 651 2961 reddidit
671 2909 840 2978 suspectum,
860 2900 989 2958 volumus
1003 2901 1087 2977 quod,
1108 2903 1224 2979 prestito
1239 2909 1413 2958 sacramento
1426 2919 1488 2977 pre·

289 3007 373 3072 dicto,
387 3005 492 3062 bonam
514 3000 549 3058 ab
573 3017 606 3056 eo
630 2996 770 3073 recipiatis
794 2995 970 3052 securitatem
997 3014 1079 3071 super
1102 2998 1297 3054 observatione
1321 2996 1489 3054 assumenti

288 3100 423 3178 ejusdem,
434 3106 463 3156 et
475 3098 559 3156 etism
572 3093 695 3154 emendis
706 3092 925 3170 competentibus
935 3093 1015 3149 nobis
1023 3091 1158 3151 faciendis
1168 3112 1220 3169 pro
1229 3091 1450 3169 transgressione
1460 3099 1490 3150 et

289 3203 449 3272 contemptu
462 3194 543 3251 nobis
555 3192 638 3249 factis
651 3191 680 3248 iu
694 3189 845 3267 premissis.
887 3187 972 3248 Teste
984 3198 1017 3247 ut
1031 3189 1139 3266 supra.”

329 3292 420 3350 “Rex
433 3291 523 3348 eidem
538 3289 665 3346 Roberto
690 3287 818 3344 salutem.
859 3285 942 3353 Cum,
964 3284 1060 3343 sedata
1072 3286 1234 3343 turbatione
1247 3303 1336 3362 nuper
1349 3284 1445 3342 habita
1458 3283 1487 3340 in

289 3407 380 3466 regno
397 3393 496 3444 nostro
517 3385 552 3442 de
576 3384 692 3443 consilio
713 3390 877 3459 magnatum
902 3391 1062 3440 nostrorum
1086 3384 1229 3459 provisum
1252 3383 1347 3450 fuerit,
1372 3381 1448 3458 quod
1471 3399 1490 3442 a

287 3482 430 3544 nonnullis
444 3481 571 3558 ejusdem
585 3481 665 3557 regni
685 3487 898 3548 sacramentum,
920 3479 996 3555 quod
1018 3479 1146 3537 fortassis
1160 3499 1211 3537 vos
1225 3480 1314 3538 latere
1328 3499 1386 3538 non
1399 3478 1489 3537 credi·

289 3603 361 3652 mus,
375 3581 458 3639 nobis
482 3585 662 3656 prestaretur,
686 3595 719 3634 ao
732 3593 783 3632 vos
797 3583 1003 3633 sacramentnm
1022 3575 1093 3633 illud
1113 3576 1248 3634 hactenus
1262 3587 1387 3653 prestare
1401 3577 1490 3634 distu-

287 3681 389 3745 leritis,
404 3673 607 3754 propterquod
622 3673 728 3731 Maiori
741 3678 838 3729 nostro
852 3670 1061 3730 Londoniarum
1082 3672 1284 3741 mandavimus,
1298 3673 1375 3749 quod
1396 3691 1490 3732 sacra·

288 3789 415 3839 mentum
435 3784 562 3834 restrum
583 3794 601 3833 a
624 3773 703 3830 vobis
727 3771 842 3847 recipiat
864 3769 927 3826 rice
948 3774 1054 3836 nostra,
1080 3767 1160 3825 vobis
1181 3768 1347 3826 mandamus
1371 3767 1490 3824 firmiter

286 3878 477 3953 injungentes,
497 3880 635 3948 quatenus
658 3870 690 3926 in
714 3867 855 3945 presentia
876 3864 944 3922 dicti
958 3862 1078 3922 Maioris
1101 3872 1307 3922 sacramentum
1327 3863 1408 3921 illum
1429 3864 1489 3920 sine

290 3971 454 4030 difficultate
478 3968 607 4045 prestetis
629 3966 659 4023 in
680 3964 772 4022 formo
786 3981 870 4040 quam
883 3960 964 4020 vobis
977 3959 1106 4036 injunget
1120 3977 1154 4017 ex
1168 3968 1248 4036 parte
1260 3968 1368 4030 nostra,
1382 3966 1413 4017 et
1424 3957 1489 4026 boo,

286 4070 360 4126 siout
373 4085 424 4124 vor
438 4073 467 4122 et
480 4072 574 4122 vestra
588 4061 714 4140 diligitis,
728 4058 888 4120 nullatenus
902 4055 1048 4114 omittatis.
1088 4055 1174 4114 Teste
1186 4063 1220 4113 ut
1234 4055 1344 4133 snpra.'¹
1394 4089 1395 4092 =

334 4181 449 4228 CAMD.
466 4180 540 4228 800.
1299 4171 1316 4213 θ
