3920 5022
536 593 579 648 40
898 601 1060 646 cnorucn
1085 599 1259 644 usronurr
1286 602 1329 645 er

535 750 705 839 conquesti
717 761 796 816 suut
808 751 848 816 de
859 751 1115 818 vicecomitibus
1131 761 1165 816 et
1177 751 1312 816 Civibus
1330 749 1586 830 Londonisrum,
1598 751 1686 836 quod

534 857 599 942 ipsi
624 855 744 940 injuste
771 853 942 938 capiebant
968 853 1220 918 consuetudines
1246 861 1337 917 extra
1360 861 1488 936 portem
1520 853 1684 917 Petrinum

536 977 634 1044 super
648 957 798 1036 Pontem,
824 955 950 1021 desicut
976 955 1023 1019 illi
1045 955 1145 1020 nichil
1165 955 1247 1040 juris
1274 954 1429 1019 deberent
1453 941 1686 1020 habere'ultra

534 1069 663 1146 portam
677 1058 878 1124 Tomesiam.
914 1056 1051 1121 Civibus
1065 1078 1143 1122 vero
1157 1055 1363 1122 venientibus
1388 1078 1463 1121 cum
1478 1057 1685 1122 Vicecomiti·

534 1161 597 1226 bus
612 1162 681 1227 suis
695 1181 754 1246 per
768 1161 791 1226 J
793 1159 969 1224 ustitiarios
985 1159 1191 1224 summonitis
1206 1159 1422 1225 veneruntad
1437 1159 1593 1224 Sanctum
1614 1159 1685 1224 Sel·

534 1272 680 1328 vetorem
695 1283 802 1326 coram
817 1261 971 1347 predictis
985 1260 1186 1341 Justitiariis‚
1204 1272 1239 1326 et
1261 1261 1441 1326 deserentes
1457 1283 1566 1326 secum
1582 1271 1685 1326 certes

536 1387 623 1443 suas,
640 1364 796 1428 dixerunt
813 1362 901 1447 quod
927 1384 994 1427 uon
1024 1371 1213 1428 tenerentur
1241 1363 1393 1448 placitare
1422 1362 1479 1440 ibi,
1504 1386 1566 1428 uec
1595 1373 1686 1428 extre

535 1487 646 1530 muros
671 1463 821 1529 Civitatis
835 1463 988 1549 placitare
1003 1464 1193 1544 voluerunt3
1216 1464 1285 1544 sed,
1304 1474 1394 1528 extra
1416 1466 1554 1530 formam
1576 1465 1686 1550 placiti

535 1569 709 1634 voluerunt
727 1587 966 1652 recognoscere,
982 1567 1069 1650 quod
1090 1567 1175 1631 bene
1197 1567 1308 1632 liceret
1327 1566 1581 1632 vicecomitibus
1598 1569 1686 1632 Lon·

535 1670 704 1737 donisrum
713 1689 826 1755 capere
837 1668 1088 1734 consuetudines
1099 1680 1190 1735 extre
1204 1668 1382 1754 predictam
1391 1678 1530 1753 portem,
1544 1679 1578 1734 et
1588 1671 1686 1735 etism

535 1793 638 1857 usque
652 1772 695 1836 ad
709 1771 862 1857 stapellos
883 1769 1006 1835 ibidem
1023 1771 1114 1851 sitos,
1130 1771 1205 1856 quie
1222 1780 1292 1836 tota
1307 1793 1390 1856 aque
1403 1772 1567 1837 Thamisie
1585 1773 1686 1858 perti-

536 1885 593 1941 net
606 1874 648 1939 ad
660 1874 845 1952 Civitatem,
860 1883 893 1938 st
907 1893 1035 1959 semper
1055 1872 1240 1959 pertinebat
1256 1883 1289 1938 et
1299 1896 1412 1939 versus
1425 1895 1513 1940 mare
1532 1875 1686 1960 usquead

535 2000 659 2044 novum
672 1977 842 2062 gurgitem.
885 1975 1032 2041 Tandem
1057 1975 1169 2042 multis
1195 1977 1457 2042 altercationibus
1480 1979 1565 2043 inter
1579 1978 1686 2043 Justi-

536 2081 646 2148 tiarios
661 2089 696 2144 et
705 2077 802 2143 Cives
813 2077 917 2156 lactis,
925 2077 949 2142 J
950 2076 1100 2142 ustitiarii
1111 2081 1258 2144 fecerunt
1268 2078 1397 2164 inquiri,
1407 2079 1483 2144 licet
1495 2079 1592 2144 Cives
1607 2102 1643 2145 se
1651 2080 1687 2146 in

536 2183 744 2270 inquisitione
759 2202 827 2245 non
840 2189 1030 2265 posuerunt,
1041 2201 1100 2265 per
1111 2190 1348 2246 sacramentum
1361 2182 1531 2248 duodecim
1546 2183 1686 2248 militum

537 2285 578 2350 de
592 2284 727 2368 Sureye,
740 2291 851 2346 utrum
865 2281 1081 2346 vicecomites
1097 2282 1342 2347 Londoniarum
1357 2283 1497 2369 aliquam
1512 2295 1686 2350 cousuetu-

539 2387 648 2451 dinem
674 2393 766 2449 extra
787 2391 891 2448 metas
915 2404 990 2446 susa
1013 2383 1186 2467 cepissent.
1232 2383 1299 2450 Qui
1319 2385 1418 2468 jurati
1434 2385 1585 2452 dixerunt
1599 2387 1687 2472 quod

536 2485 674 2573 predicti
685 2483 900 2549 Vicecomites
909 2484 999 2568 juste
1007 2483 1129 2548 ibidem
1140 2485 1409 2550 consuetudinem
1419 2509 1531 2572 capere
1540 2499 1687 2574 possent,

537 2590 611 2676 quia
625 2609 728 2673 usque
742 2586 783 2650 ad
805 2586 967 2671 predictos
989 2587 1142 2671 stupellos
1164 2597 1272 2653 totum
1286 2589 1429 2673 pertinet
1442 2590 1483 2654 ed
1500 2590 1686 2671 Civitatem,

451 2725 502 2774 n'.
536 2703 571 2758 et
585 2691 693 2756 nullus
708 2688 828 2774 aliquid
840 2688 923 2774 juris
947 2687 1046 2753 habet
1062 2689 1098 2752 iu
1112 2689 1286 2769 Thamisie,
1300 2712 1404 2776 usque
1419 2691 1594 2758 eduorum
1611 2715 1687 2779 gur·

534 2796 646 2882 gisem,
660 2793 724 2857 nisi
740 2792 837 2857 Cives
852 2791 1107 2858 Londoniarum.

579 2900 660 2964 Post
681 2896 744 2961 hoc
772 2895 937 2980 predictus
966 2895 1179 2976 Justitiarius,
1209 2897 1369 2963 associato
1400 2919 1509 2964 secum
1539 2899 1685 2984 predicto

536 3003 674 3086 Rogero,
689 2999 824 3065 accessit
841 2997 881 3062 sd
897 2998 1060 3064 Gildhslle
1076 2999 1331 3079 Loudonisrum‚
1346 3010 1380 3066 et
1393 3000 1439 3065 ibi
1454 3002 1560 3067 tenuit
1569 3002 1687 3087 placite

536 3106 576 3170 de
592 3103 688 3168 disin
703 3103 801 3180 diem,
816 3100 857 3164 de
867 3100 1020 3164 omnibus
1035 3101 1109 3180 illis,
1132 3101 1187 3185 qui
1208 3102 1442 3186 querimoniam
1457 3104 1561 3170 lacere
1574 3105 1685 3170 volue-

535 3215 623 3283 runt,
646 3214 680 3268 et
699 3201 925 3280 incontinenti,
949 3202 1039 3265 nulla
1061 3202 1244 3268 rationabili
1266 3207 1521 3272 summonitione
1536 3209 1620 3272 facta
1633 3209 1686 3273 rel

536 3306 665 3374 essoiuo
692 3303 846 3381 admisso,
871 3301 927 3366 ille
951 3303 1137 3370 terminavit
1162 3306 1252 3371 nullo
1272 3307 1354 3392 juris
1378 3309 1490 3374 ordine
1514 3311 1687 3377 observato

538 3417 651 3475 contra
676 3406 763 3491 leges
786 3405 946 3485 Civitatis,
969 3416 1004 3472 et
1025 3406 1122 3472 etiam
1145 3419 1258 3473 contra
1278 3410 1365 3496 leges
1381 3420 1415 3476 et
1435 3414 1687 3479 consuetudines

537 3508 710 3596 cujuslibet
733 3507 826 3574 liberi
846 3510 989 3576 hominis
1015 3511 1056 3575 de
1081 3533 1180 3597 regno
1202 3513 1329 3598 Anglie.
1375 3513 1477 3588 Quod
1495 3538 1572 3582 vero
1589 3517 1686 3582 Cives

537 3633 665 3698 semper
687 3611 998 3698 calumpnisverunt,
1022 3614 1166 3679 dicentes
1182 3614 1270 3700 quod
1293 3617 1402 3681 nullus
1417 3617 1515 3683 debet
1534 3619 1685 3704 placitare

536 3718 570 3782 in
583 3715 725 3780 civitate
737 3715 777 3779 dc
797 3715 1107 3800 transgressionibus
1129 3716 1250 3782 ibidem
1272 3719 1377 3799 laetis,
1392 3720 1455 3785 uisi
1470 3721 1684 3786 vicecomites

536 3818 800 3897 Londoniarum3
823 3828 874 3881 set
898 3818 999 3882 nichil
1025 3819 1158 3903 proluit.
1196 3820 1319 3884 Temen
1350 3821 1447 3888 Cives
1476 3823 1687 3892 reddiderunt

533 3920 655 4009 judicia
670 3921 711 3985 de
725 3918 878 3985 omnibus
893 3918 927 3982 in
944 3918 1084 3983 Ciuitate
1099 3919 1316 4002 manentibus,
1332 3923 1386 4007 qui
1401 3925 1542 3991 convicti
1553 3926 1686 3991 fuerunt

536 4025 589 4092 vel
609 4023 793 4089 inciderunt
811 4041 871 4109 pro
896 4021 977 4086 false
995 4021 1131 4107 loquela.
1176 4022 1305 4088 Eodem
1322 4034 1468 4111 tempore
1483 4028 1686 4094 Justitiarios

536 4127 614 4195 fecit
632 4125 743 4193 renim
762 4145 870 4190 coram
886 4145 920 4190 se
936 4133 969 4190 et
993 4145 1100 4190 coram
1117 4123 1246 4192 Comits
1270 4126 1468 4196 Glouvernie
1490 4150 1604 4198 omnes
1619 4130 1687 4216 pis-
