3920 5022
560 589 600 662 74
919 603 1082 649 cnonron
1104 603 1282 649 unronou
1307 603 1352 648 nr

562 756 759 835 Leuvelino,
782 754 921 841 principi
945 753 1074 834 Wallie,
1097 753 1271 819 maximam
1300 764 1424 840 partem
1455 752 1602 817 Marchie
1631 773 1706 816 cum

565 859 688 937 castris,
712 867 746 922 et
770 857 868 922 etiam
890 866 990 921 terras
1005 858 1222 942 orphanorum
1237 866 1271 920 et
1286 855 1426 935 castella,
1447 855 1503 941 qui
1517 866 1609 920 erant
1622 856 1706 918 infra

564 970 683 1026 etatem
708 961 802 1027 etin
824 959 981 1024 custodia.
1037 959 1103 1026 Qui
1126 957 1319 1037 Levvelinus,
1344 980 1442 1044 quam
1471 958 1567 1024 citius
1595 956 1710 1022 habuit

565 1063 717 1130 seisinam
732 1064 773 1130 ds
787 1063 894 1148 aliquo
917 1070 1034 1141 castro,
1050 1061 1160 1126 statim
1175 1061 1351 1146 prostravit
1364 1061 1445 1126 illud
1467 1062 1508 1125 ad
1529 1060 1707 1124 maximum

564 1165 742 1251 dampnum
778 1175 811 1229 et
847 1163 1077 1228 detrimentum
1112 1162 1204 1248 regni
1231 1163 1357 1249 Anglie.
1410 1163 1497 1227 Nam
1525 1163 1707 1226 Wallenses

561 1289 745 1352 nuncquam
759 1266 889 1331 luerunt
903 1265 949 1329 ite
963 1264 1159 1330 confederati
1181 1286 1256 1329 cum
1270 1264 1414 1350 Anglicis
1429 1286 1490 1329 nec
1503 1264 1705 1350 inposterum

560 1379 667 1448 erunt,
682 1368 760 1453 quin
775 1389 903 1453 percos
924 1368 1012 1431 fraus
1026 1376 1061 1431 et
1075 1366 1221 1432 seductio
1243 1366 1467 1453 subsequatur.
1512 1367 1620 1434 Quam
1634 1388 1707 1451 pre-

561 1468 681 1533 dictam
706 1469 914 1534 donationem
944 1470 1023 1535 iecit
1050 1470 1215 1534 Dominus
1243 1471 1314 1534 Rex
1344 1471 1430 1536 dicto
1460 1471 1635 1550 Levelino,
1669 1479 1708 1534 ut

559 1571 657 1636 ferret
671 1571 701 1636 ei
715 1571 871 1636 auxilium
886 1582 998 1637 contra
1012 1571 1116 1636 filium
1132 1594 1228 1636 suum
1243 1584 1277 1638 et
1291 1573 1465 1659 complices
1481 1596 1569 1639 suos.

500 1729 505 1740 .
602 1675 699 1739 Anno
717 1673 843 1753 eodem,
858 1673 892 1738 in
915 1674 1055 1739 crastino
1074 1673 1185 1739 Sancti
1207 1675 1379 1754 vaithuni,
1395 1675 1508 1740 Simon
1528 1674 1569 1738 de
1590 1674 1707 1738 Monte

339 1730 547 1843 Martialium
560 1777 651 1842 Forti
668 1777 790 1862 junior,
804 1799 879 1842 cum
894 1777 964 1841 aliis
985 1777 1169 1842 Beronibus
1184 1790 1218 1844 et
1239 1778 1479 1857 adherentibus,
1504 1798 1708 1862 expugnave-

558 1890 636 1944 runt
649 1878 854 1944 Wintoniam
869 1888 903 1944 et
917 1879 1185 1966 depredaverunt,
1197 1890 1231 1945 et
1244 1881 1266 1945 J
1268 1880 1452 1945 udaismum
1467 1882 1706 1958 destruxerunt,

559 1981 635 2066 quia
660 1981 746 2045 cives
772 1981 948 2045 noluerunt
973 2003 1030 2046 eos
1055 1981 1208 2067 recipisse
1234 1983 1268 2046 in
1292 1983 1422 2047 civitate
1449 1981 1519 2045 sine
1545 1980 1707 2065 presentis

558 2082 694 2148 Domini
723 2083 832 2167 Regis,
861 2093 896 2148 et
923 2093 1038 2168 postea
1066 2083 1257 2148 obsiderunt
1287 2084 1455 2149 castellum
1483 2081 1626 2161 ibidem3
1651 2083 1708 2148 sed

558 2184 677 2250 auditis
691 2184 875 2249 rumoribus
885 2185 926 2248 de
937 2185 1079 2249 adventu
1091 2185 1226 2250 Domini
1237 2186 1398 2266 Edwardi,
1409 2186 1484 2250 licet
1497 2207 1565 2248 non
1574 2185 1709 2263 venerit,

558 2308 618 2373 pro
633 2286 749 2350 timore
763 2295 975 2352 recesserunt.

604 2389 856 2453 Memorandum
873 2388 961 2473 quod
984 2388 1098 2452 eodem
1122 2398 1268 2472 tempore
1291 2410 1356 2474 quo
1382 2388 1526 2473 predicta
1549 2387 1709 2452 discordia

561 2501 632 2556 orta
644 2490 708 2554 fuit
721 2490 805 2554 inter
819 2489 981 2574 predictos
998 2489 1142 2554 Comites
1167 2491 1365 2557 Glouvemie
1379 2503 1413 2556 et
1427 2491 1612 2570 Leicestrie,
1634 2513 1711 2576 pro·

561 2595 668 2658 visum
697 2593 760 2658 fuit
788 2604 822 2658 et
850 2602 1010 2657 statutum
1037 2593 1124 2658 inter
1152 2594 1410 2674 Londonienses,
1447 2607 1481 2660 et
1510 2605 1709 2660 sacramento

562 2696 787 2762 confirmatum
813 2717 871 2780 per
893 2695 1071 2782 quemlibet
1095 2696 1139 2782 xij
1166 2718 1324 2762 annorum
1352 2697 1559 2782 etamplius,
1585 2709 1624 2762 ut
1646 2721 1710 2783 pax

561 2799 698 2864 Domini
714 2798 811 2884 Regis
832 2799 969 2863 firmiter
985 2799 1211 2865 observaretur
1230 2799 1265 2864 in
1291 2800 1433 2866 Civitate
1448 2810 1481 2866 et
1495 2811 1605 2880 extra3
1628 2813 1662 2866 et
1683 2801 1709 2866 si

562 2901 676 2986 aliquis
686 2909 798 2967 contra
808 2901 872 2966 hoc
885 2902 1029 2968 venisset
1039 2914 1073 2968 et
1088 2925 1186 2988 super
1199 2903 1262 2968 hoc
1276 2906 1446 2970 convictus
1460 2906 1586 2984 finisset,
1602 2906 1710 2969 statim

563 3004 732 3089 capitalem
765 3004 888 3071 subiret
913 3005 1119 3086 sententiam,
1144 3029 1211 3071 non
1238 3006 1389 3073 obstante
1422 3009 1528 3093 aliqua
1563 3007 1710 3072 libertate

564 3128 642 3186 sua3
665 3116 699 3170 et
712 3106 775 3169 hoc
789 3107 1023 3190 proclamatum
1046 3107 1109 3171 fuit
1131 3129 1189 3192 per
1212 3116 1315 3172 totam
1341 3109 1525 3189 Civitatem,
1554 3119 1588 3175 et
1613 3111 1710 3176 etiam

563 3229 622 3293 per
635 3207 744 3270 literas
759 3227 930 3271 commune
954 3206 1104 3271 Civitatis
1120 3218 1269 3293 patentes
1291 3210 1491 3296 divulgatum
1514 3213 1548 3276 in
1575 3224 1712 3298 quatuor

564 3304 771 3372 comitatibus
793 3305 918 3385 vicinis,
942 3308 1093 3373 omnibus
1121 3309 1299 3375 hundredis
1321 3322 1355 3378 et
1379 3314 1463 3380 villis
1489 3340 1508 3381 a
1533 3316 1713 3380 Londoniis

564 3431 622 3495 per
636 3431 712 3473 xxv.
732 3408 838 3475 leucas
861 3410 1077 3492 distantibus3
1099 3413 1186 3478 unde
1209 3415 1352 3499 quidam,
1373 3418 1430 3502 qui
1454 3417 1558 3483 secuti
1583 3419 1713 3481 fuerunt

565 3512 741 3576 exercitum
756 3511 899 3576 Simonis
916 3513 957 3578 de
975 3513 1093 3580 Monte
1109 3516 1200 3581 Furti
1217 3518 1357 3603 junioris
1383 3542 1486 3604 usque
1511 3519 1711 3596 Londonias,
1816 3508 1820 3520 ¹

547 3617 549 3622 ’
566 3613 622 3700 qui
636 3613 776 3679 convicti
790 3615 922 3680 fuerunt
940 3617 1055 3682 fecisse
1070 3618 1230 3684 roberiam
1245 3622 1279 3684 in
1296 3620 1460 3686 Stebenhe
1475 3620 1556 3684 etin
1577 3619 1712 3682 Haken-

565 3717 647 3795 heie,
661 3716 793 3781 fuerunt
808 3719 957 3803 suspensi
972 3720 1054 3785 circa
1067 3722 1189 3785 festum
1198 3723 1432 3806 Apostolorum
1447 3722 1534 3786 Petri
1548 3737 1581 3787 et
1596 3723 1697 3786 Pauli.

451 3877 456 3887 ,
609 3819 739 3898 Postea,
768 3819 916 3906 proxima
938 3831 1034 3886 nocte
1062 3822 1172 3886 Sancti
1199 3823 1287 3887 Petri
1312 3825 1353 3889 ad
1381 3823 1520 3905 vincula,
1549 3825 1712 3891 Dominus

343 3879 531 4018 mm*
565 3921 756 4002 Edwardus,
774 3921 893 3987 Comes
907 3923 1094 4003 Warennie,
1108 3924 1307 3990 Willielmus
1319 3929 1359 3992 de
1373 3928 1536 4010 Valencia,
1552 3941 1586 3995 et
1597 3931 1643 3994 eis
1658 3930 1714 3994 ad-

343 4007 552 4134 fflfffflf
566 4025 715 4090 herentes
729 4025 764 4089 in
779 4047 878 4090 manu
892 4027 998 4092 valida
1013 4038 1046 4092 et
1061 4039 1183 4093 armata
1198 4042 1359 4097 venerunt
1369 4033 1455 4117 apud
1472 4032 1716 4109 Kenelworthe,

346 4139 434 4186 nonu.
567 4138 601 4194 et
614 4127 659 4193 ibi
682 4127 877 4196 invenerunt
895 4152 1011 4198 omncs
1027 4132 1067 4198 de
1089 4133 1233 4200 exercitu
1255 4134 1397 4202 Simonis
1419 4137 1459 4202 de
1484 4136 1600 4203 Monte
1627 4136 1717 4202 Forti
