3856 5038
793 639 977 685 -ransacm
1389 620 1489 688 lxxxv

289 785 333 844 his
346 785 548 848 father-indas
560 789 642 848 made
661 809 729 849 over
750 801 780 849 to
797 791 858 849 blm
877 791 932 850 and
951 791 996 848 his
1016 790 1154 866 daughter
1166 789 1211 848 his
1225 789 1327 866 capital
1339 809 1488 868 messuags

287 884 344 942 end
356 903 455 942 monor
475 885 508 943 of
519 885 789 958 Watton-at-Stone,
805 889 895 946 where
916 888 1050 956 Thomas,
1071 887 1145 945 their
1164 887 1254 945 eldest
1274 906 1325 944 sou
1345 887 1402 944 and
1417 888 1489 958 heir,

287 1000 343 1038 was
357 981 437 1052 born,
451 1001 488 1040 on
501 983 550 1041 the
563 984 635 1043 feast
648 986 682 1042 of
701 985 744 1044 St.
760 987 884 1054 Francis,
898 985 950 1044 sch
965 986 1102 1054 October,
1118 986 1207 1052 1282,
1221 1004 1253 1042 as
1266 1004 1308 1042 we
1321 985 1400 1044 leam
1413 984 1489 1042 from

287 1078 336 1134 the
349 1079 511 1154 inquisition
526 1081 610 1140 taken
623 1083 696 1142 aster
709 1083 758 1141 the
772 1082 887 1141 decease
900 1084 934 1140 of
943 1083 988 1140 his
1001 1083 1103 1153 father,
1117 1082 1192 1140 auru
1203 1082 1284 1140 Edw.
1298 1082 1331 1152 1,
1346 1083 1410 1140 who
1424 1083 1488 1142 died

288 1175 380 1232 seiued
393 1176 425 1233 of
435 1175 492 1234 this
505 1197 605 1236 maner
619 1180 648 1236 in
661 1180 739 1257 right
752 1182 786 1238 of
801 1180 847 1238 his
861 1180 933 1250 wife,
946 1180 1010 1238 who
1022 1200 1081 1238 was
1100 1178 1208 1237 herself
1218 1179 1289 1236 born
1303 1197 1340 1237 on
1353 1179 1402 1238 the
1415 1180 1488 1238 feast

287 1270 320 1327 oi
331 1271 378 1329 the
393 1275 602 1332 Annunciation
617 1277 650 1333 of
660 1276 709 1335 the
722 1277 834 1334 blessed
845 1277 958 1352 Virgin,
973 1276 1046 1334 soth
1063 1275 1176 1343 March,
1195 1276 1284 1334 1258.

328 1367 578 1430 “Hertfordscira.
620 1373 747 1432 Watton.
788 1374 940 1450 Inquisitio
952 1375 1029 1432 facta
1042 1373 1077 1430 de
1090 1373 1173 1430 terris
1191 1380 1220 1429 et
1243 1373 1410 1430 tenementis
1432 1391 1488 1448 que

286 1465 402 1524 fuerunt
424 1467 557 1544 Hugonis
580 1470 701 1528 Berdolf
723 1471 858 1540 destructi,
883 1472 932 1548 qui
956 1471 991 1528 de
1017 1471 1096 1546 Rege
1123 1469 1214 1527 tenuit
1238 1470 1268 1526 in
1292 1470 1391 1546 eapite,
1411 1471 1488 1528 facta

286 1579 381 1618 coram
396 1561 547 1620 Escaetore
563 1563 681 1621 Domini
693 1565 781 1642 Regis
802 1567 876 1643 apud
896 1565 1082 1626 Cestrehunte
1096 1565 1193 1621 ιιιιίἰίο
1206 1563 1250 1622 die
1265 1564 1398 1622 Octobris
1412 1585 1487 1624 anno

285 1658 366 1733 regni
384 1659 459 1734 Regi
475 1659 606 1718 Edwardi
620 1662 704 1719 xxxii.
717 1681 767 1738 per
782 1663 922 1720 'ihomam
935 1663 971 1720 de
986 1662 1108 1722 Scoland
1120 1662 1247 1730 militem,
1269 1661 1427 1720 Robcrtum
1450 1663 1486 1722 de

286 1750 431 1831 Melkeley
444 1753 570 1823 militem,
592 1755 746 1814 Ricardum
767 1757 802 1814 de
822 1757 976 1835 Gatisbury
989 1758 1117 1824 mihtem,
1132 1757 1307 1814 Willelmum
1327 1756 1362 1815 de
1383 1757 1487 1828 Hurst,

287 1845 403 1903 Petrum
418 1847 452 1904 de
467 1847 557 1926 Tany,
570 1848 729 1907 Johannn
742 1851 831 1908 filium
842 1852 994 1929 Radulphi,
1005 1851 1154 1910 Gamelum
1164 1851 1200 1909 de
1210 1852 1306 1920 ware,
1321 1852 1438 1910 Petrum
1451 1853 1487 1914 de

285 1939 474 2018 Beenchamp,
500 1941 640 2001 ‘ihomam
663 1945 699 2002 de
722 1945 751 2002 la
775 1946 867 2015 Mare,
891 1946 1050 2005 ,iohannem
1072 1946 1108 2004 de
1130 1946 1158 2004 la
1181 1945 1276 2014 Mare,
1301 1946 1486 2024 Sampsouem

285 2034 419 2110 Gregori,
442 2035 590 2094 Eudone·
609 2038 644 2096 de
666 2039 784 2109 Peletot,
806 2041 959 2099 Ricardum
972 2042 1007 2099 de
1022 2041 1140 2120 Heylee,
1155 2040 1315 2099 ,Iohannem
1328 2040 1364 2098 de
1378 2042 1485 2100 Wand-

284 2133 413 2211 lyngton,
434 2133 608 2191 Willelmum
628 2134 662 2193 de
685 2136 817 2206 Chelseu,
842 2139 1002 2198 Johaonem
1025 2137 1060 2196 de
1083 2137 1256 2206 Netherwih,
1278 2138 1436 2196 Rohcrtum
1449 2139 1484 2197 de

284 2229 456 2298 Kersebroh,
481 2229 641 2290 Johanuem
665 2234 700 2291 de
726 2233 867 2304 Blomvill,
896 2235 1071 2312 Stephanum
1093 2235 1119 2292 le
1144 2233 1226 2302 Blah,
1252 2234 1426 2292 Willehuum
1449 2235 1484 2293 dc

284 2326 426 2405 Berhyng,
452 2328 568 2386 Petrum
591 2339 650 2388 atto
679 2330 847 2400 Halvehide,
870 2329 1030 2390 Johannem
1054 2331 1089 2390 de
1114 2330 1264 2399 Melhelee,
1289 2329 1430 2390 Thomam
1450 2331 1485 2390 de
1550 2365 1554 2370 -

283 2423 480 2494 Whiteherwe,
506 2425 693 2502 Reginaldum
714 2427 846 2486 clericum
866 2428 901 2486 de
925 2428 1083 2506 chindon,
1100 2437 1129 2486 et
1144 2427 1317 2486 Willelmum
1336 2430 1484 2488 Gernoun.

283 2519 341 2582 Qui
354 2519 450 2577 dicum
463 2539 513 2597 per
526 2530 731 2580 sacramentum
749 2541 831 2580 snum
851 2524 927 2598 quod
948 2523 1038 2600 Hugo
1053 2523 1174 2582 Bardolf
1184 2523 1228 2581 die
1242 2543 1298 2599 quo
1313 2523 1381 2581 obiit
1393 2524 1484 2581 tenuit

281 2634 369 2674 unum
393 2619 566 2693 mesuagium
586 2627 616 2676 et
638 2637 723 2676 unam
746 2629 904 2678 carucatam
924 2627 999 2678 terre
1022 2641 1087 2678 cum
1115 2622 1289 2698 pertiuentiis
1314 2621 1343 2678 in
1364 2621 1483 2679 Watton

283 2711 370 2770 stone
384 2711 413 2769 in
426 2713 560 2770 comitatu
575 2711 748 2782 Hertfordie,
762 2722 795 2772 ut
808 2715 843 2771 de
863 2715 1017 2774 hereditate
1036 2714 1164 2783 Isabclle,
1178 2735 1233 2791 que
1255 2715 1310 2772 fuit
1331 2734 1402 2772 uxor
1420 2734 1483 2792 pre·

282 2806 350 2864 dicti
371 2806 513 2882 Hugonis,
537 2825 592 2883 que
613 2808 705 2865 adhuc
725 2818 866 2884 superstes
886 2817 938 2867 est.
980 2809 1019 2868 Et
1039 2809 1137 2868 dicunt
1157 2809 1233 2884 quod
1252 2809 1441 2884 messuagium
1454 2816 1483 2866 et

281 2912 357 2962 terre
376 2903 501 2980 predicta
521 2923 585 2961 cum
607 2905 782 2980 pertinentiis
802 2913 933 2962 tenentur
953 2905 989 2964 de
1011 2905 1090 2981 Rege
1111 2907 1141 2962 in
1154 2907 1244 2981 capite
1257 2925 1307 2983 per
1320 2906 1482 2980 serjantiam

281 2999 438 3057 inveniendi
460 2999 573 3056 domino
599 2999 672 3076 Regi
696 2999 726 3056 iu
750 3018 852 3076 guerra
874 3000 977 3057 Walhe
998 3019 1087 3056 unum
1110 2999 1251 3056 hominem
1271 2998 1393 3075 peditem
1416 3017 1481 3056 cum

281 3111 348 3151 arcu
368 3102 397 3152 et
417 3093 526 3170 sagittis
546 3113 596 3172 per
614 3094 659 3152 xl·
672 3093 731 3152 dics
751 3096 788 3152 ad
809 3103 903 3152 custos
924 3114 990 3153 suos
1010 3095 1146 3172 proprios,
1159 3101 1190 3151 et
1202 3093 1296 3151 valent
1309 3093 1339 3150 in
1352 3093 1481 3152 omnibus

280 3189 400 3248 exihhus
413 3210 450 3248 xv
457 3191 488 3250 lt.
654 3191 770 3250 Summa
783 3211 819 3249 xv
826 3191 873 3250 li.”

322 3293 341 3322 “
350 3286 459 3346 Dicunt
467 3290 553 3347 etiam
562 3287 680 3365 predicti
688 3289 863 3366 juratiquod
875 3288 1000 3347 Thomas
1010 3287 1131 3347 Bardoif
1138 3289 1213 3346 filius
1223 3287 1341 3365 predicti
1347 3287 1481 3363 Hugonis

280 3390 325 3440 est
347 3384 408 3459 ejus
430 3382 512 3440 heres
531 3387 722 3462 propinquior,
736 3395 766 3444 et
787 3387 844 3444 fuit
866 3388 949 3444 etatis
970 3387 1071 3462 viginti
1091 3394 1121 3444 ct
1141 3385 1260 3444 duorum
1280 3403 1418 3443 annorum
1436 3384 1481 3442 dis

281 3480 378 3540 Sancti
393 3480 534 3538 Francisci
547 3483 674 3558 proximo
692 3483 835 3559 preterito.
876 3483 1016 3558 Requisiti
1036 3481 1157 3558 qualiter
1177 3482 1232 3540 hoc
1249 3483 1360 3549 sciunt3
1384 3480 1482 3538 dicunt

280 3578 356 3655 quod
375 3577 435 3654 ipse
457 3575 583 3635 Thomas
603 3586 686 3635 natus
706 3579 762 3635 fuit
777 3579 806 3635 in
820 3577 944 3654 predicta
957 3579 1025 3638 villa
1038 3579 1073 3636 de
1088 3579 1205 3637 Watton
1219 3578 1265 3637 die
1281 3577 1376 3638 Sancti
1392 3577 1481 3636 Fran·

280 3674 347 3732 eisci
364 3691 439 3731 anno
453 3673 532 3749 regni
547 3672 636 3748 Regis
651 3671 782 3730 Edwardi
795 3692 870 3730 nunc
884 3672 1000 3740 decimo,
1014 3681 1042 3730 et
1056 3673 1131 3749 quod
1145 3674 1197 3750 ipsi
1210 3681 1240 3731 et
1253 3693 1350 3731 eorum
1364 3672 1481 3748 quilibet

280 3781 348 3830 tunc
368 3771 501 3848 temporis
521 3771 636 3829 fuerunt
651 3771 681 3826 iu
695 3769 804 3828 visneto
818 3769 935 3846 predicti
948 3769 1064 3828 manerii
1077 3769 1240 3839 residentes,
1254 3789 1304 3846 per
1318 3769 1395 3846 quod
1407 3769 1479 3827 bene

279 3868 406 3926 recolunt
415 3869 491 3945 quod
504 3876 615 3926 tantum
627 3875 737 3945 tempus
751 3876 794 3925 est
807 3867 942 3943 elapsum.
967 3867 1002 3925 Iu
1012 3868 1093 3944 cujus
1103 3869 1144 3924 rei
1158 3867 1347 3925 testimonium
1360 3865 1479 3943 predicti

278 3963 371 4024 Jurati
385 3965 451 4023 huic
464 3965 640 4041 inquisicioni
654 3965 746 4040 sigilla
759 3985 810 4022 sua
823 3964 1037 4042 opposuerunt.”

319 4071 337 4098 “
349 4062 436 4121 Facta
444 4064 500 4120 fuit
509 4064 657 4139 inquisicio
667 4062 791 4139 predicta
805 4061 880 4138 apud
894 4060 1081 4120 Cestrehunte
1095 4061 1124 4117 in
1138 4061 1273 4119 comitatu
1287 4059 1411 4135 predicto
1425 4077 1476 4134 pro

279 4180 312 4217 eo
337 4161 413 4236 quod
436 4161 574 4238 predictus
603 4161 726 4219 Thomas
754 4159 876 4218 Bardolf
900 4167 981 4216 naurs
1002 4160 1059 4216 fuit
1081 4157 1155 4236 apud
1178 4157 1312 4216 Wattone
1335 4155 1422 4215 Stone
1447 4155 1477 4212 iu
