3930 5088
517 619 775 666 vrcnconrnuu
801 622 1087 670 nonnonrnnura.
1342 613 1380 670 81

229 766 327 833 Cives
352 771 456 835 nostri
475 761 723 837 Londoniarum
737 773 884 839 fecerunt
897 767 1068 842 nobiscum
1082 799 1143 862 pro
1158 766 1381 862 redemptione

227 893 296 950 sua,
317 874 485 938 occasione
505 875 799 959 transgressionum
815 871 873 942 seu
888 899 1080 944 excessuum
1095 879 1191 944 nobis
1207 890 1241 942 et
1256 880 1381 964 Regiae

225 981 336 1036 nostre
350 983 384 1037 et
399 973 548 1052 Ricardo,
562 973 680 1038 illustri
696 975 777 1059 Regi
799 977 1001 1058 Alemannie,
1015 979 1107 1043 fratri
1121 989 1247 1058 nostro,
1264 989 1299 1044 et
1313 980 1382 1044 Ed-

226 1074 334 1137 uardo
353 1074 568 1160 primogenito
588 1085 713 1154 nostro,
727 1075 761 1140 in
776 1077 960 1144 turbatione
974 1080 1009 1144 in
1024 1101 1124 1166 regno
1143 1090 1257 1145 nostro
1272 1080 1383 1146 habita

225 1197 284 1258 per
297 1177 387 1261 ipsos
404 1179 564 1243 factorum
583 1179 636 1243 vel
658 1178 898 1264 impositorum,
923 1203 1037 1246 omnes
1062 1182 1334 1267 transgressiones
1348 1193 1383 1246 et

225 1299 375 1344 excessus
388 1281 462 1346 illos
477 1281 600 1346 eisdem
616 1280 751 1346 Civibus
767 1292 800 1346 et
823 1304 936 1347 eorum
951 1285 1126 1350 heredibus
1150 1307 1210 1370 pro
1236 1284 1334 1349 nobis
1348 1295 1383 1350 et

224 1380 397 1448 heredibus
411 1384 532 1449 uostris
552 1385 759 1469 quantumin
775 1384 870 1449 nobis
886 1399 937 1450 est
958 1387 1104 1453 totaliter
1129 1388 1328 1453 remittimus
1349 1396 1383 1452 et

225 1484 454 1566 perdonamus,
464 1484 525 1549 sub
534 1485 595 1549 hac
603 1485 895 1566 forma3videlicet,
904 1489 1143 1572 quodhabeant
1152 1509 1266 1554 omnes
1276 1489 1383 1553 exitus

225 1587 389 1651 redituum
404 1587 664 1671 provenientium
680 1589 720 1652 de
741 1588 893 1653 domibus
915 1601 949 1654 et
970 1593 1166 1658 tenementis
1188 1603 1255 1656 tam
1274 1591 1310 1655 in
1327 1591 1383 1656 Ci-

226 1685 327 1751 vitate
340 1688 485 1772 predicta
500 1709 597 1772 quam
612 1687 646 1751 in
662 1688 809 1773 ejusdem
824 1689 993 1770 suburbio,
1009 1691 1050 1756 dc
1065 1692 1205 1758 termino
1232 1691 1382 1756 Nathalis

228 1788 364 1854 Domini
383 1791 532 1874 proximo
547 1790 714 1876 preterito,
727 1791 776 1855 ita
793 1801 903 1864 temen
919 1793 1007 1877 quod
1021 1794 1232 1879 postmodum
1256 1794 1296 1858 dc
1310 1794 1383 1859 red-

228 1890 351 1956 ditibus
366 1893 440 1972 illis,
454 1903 553 1978 prout
572 1894 701 1979 justum
716 1893 825 1974 fuerit,
852 1895 1052 1960 satisfaciant
1073 1896 1330 1981 quibuscunque,
1350 1906 1385 1962 et

228 1996 316 2078 quod
330 1995 472 2061 habeant
485 1996 595 2061 omnia
608 1999 695 2061 bona
710 2006 744 2062 et
758 1997 872 2062 catella
894 1999 1137 2064 malefactorum
1159 1999 1307 2085 ejusdem
1328 1999 1384 2064 Ci-

226 2095 347 2174 vitatis,
363 2095 466 2180 quiin
481 2097 667 2162 turbatione
681 2097 840 2183 preldicta
855 2108 969 2164 contra
982 2121 1044 2165 nos
1060 2109 1095 2164 et
1105 2101 1304 2164 Edwardum
1318 2101 1428 2185 pri-so·
1441 2105 1472 2156 97
1483 2114 1516 2154 r‘’-

227 2199 428 2283 mogenitum
442 2207 592 2264 nostrum
606 2200 793 2280 extiterunt,
808 2211 842 2264 ct
855 2201 911 2286 qui
924 2201 1001 2266 inde
1011 2201 1159 2268 indiotati
1174 2213 1253 2267 sunt
1266 2203 1320 2267 vel
1334 2204 1384 2267 in·

227 2299 380 2380 dictandi,
390 2302 533 2387 exceptis
542 2301 638 2367 bonis
654 2313 688 2367 et
702 2302 825 2367 catallis
839 2323 963 2381 corum,
979 2325 1117 2388 quorum
1132 2325 1268 2390 corpora
1279 2304 1384 2370 eidem

226 2401 293 2466 filio
303 2411 416 2466 nostro
427 2402 698 2482 concessimus,et
706 2403 850 2488 exceptis
860 2403 1134 2485 domibus‚tcrri,
1144 2404 1385 2471 tenementissc

227 2501 544 2568 redditibusCivium
555 2503 749 2584 eorundum,
758 2525 821 2589 que
832 2515 910 2570 sunt
919 2515 953 2570 ct
961 2527 1033 2570 esse
1043 2505 1164 2584 debent
1172 2516 1298 2570 escaeta
1308 2528 1384 2571 nos·

227 2606 466 2684 tre,occasione
475 2605 765 2691 transgressionum
776 2606 1058 2691 predictarum3et
1066 2609 1154 2692 quod
1162 2607 1304 2672 habeant
1315 2631 1384 2673 orn-

226 2707 281 2771 nia
290 2707 377 2773 bona
386 2717 420 2772 et
430 2709 543 2773 catalla
555 2708 687 2772 Civium
698 2707 845 2793 ejusdem
856 2709 971 2772 villein
980 2709 1127 2793 pertibus
1140 2711 1289 2774 Flandrie
1299 2733 1385 2775 ares·

227 2820 304 2888 teta,
319 2811 463 2895 exceptis
478 2809 599 2875 catallis
615 2822 649 2874 et
662 2809 758 2874 bonis
773 2830 898 2888 eorum,
913 2810 969 2893 qui
983 2831 1042 2894 per
1055 2810 1233 2894 legitimam
1248 2813 1385 2895 inquisi-

227 2913 351 2977 tionem
365 2912 505 2977 inveniri
519 2912 572 2976 vel
586 2911 735 2976 convinci
749 2911 895 2995 poterint
908 2911 1058 2976 inimicos
1073 2923 1204 2977 nostros
1225 2914 1384 2980 extitisse.

228 3015 275 3078 Et
289 3015 376 3098 quod
387 3034 501 3079 omnes
512 3013 660 3098 prisones
670 3013 816 3098 ejusdem
833 3011 995 3092 Civitatis,
1010 3013 1154 3099 exceptis
1169 3013 1232 3077 illis
1244 3035 1383 3099 quorum

228 3136 362 3200 corpora
387 3115 512 3200 prefato
537 3114 605 3179 filio
631 3125 745 3180 nostro
759 3113 872 3200 ¹primo
893 3115 1088 3196 dedimus,a
1108 3115 1239 3200 prisone
1264 3114 1385 3180 delibe-

226 3227 359 3295 rentur3
382 3216 527 3301 exceptis
547 3216 645 3282 etiam
668 3216 866 3303 prisonibus,
886 3237 1020 3304 percos
1046 3217 1144 3282 Cives
1162 3217 1328 3282 indiotatis
1350 3227 1385 3282 et

227 3319 342 3405 captis,
363 3327 397 3383 et
420 3318 617 3384 indictandis
640 3329 674 3384 et
695 3319 871 3406 capiendis.
915 3319 961 3383 Et
983 3320 1071 3404 quod
1091 3320 1221 3386 obsides
1249 3319 1380 3385 Civium

225 3421 445 3506 predictorum
459 3443 519 3506 pro
535 3420 708 3486 securitate
728 3421 875 3506 ejusdem
892 3419 1044 3485 Civitatis
1058 3421 1155 3486 nobis
1173 3421 1313 3501 traditis,
1328 3445 1384 3487 ex·

227 3524 330 3610 ceptis
353 3523 522 3588 obsidibus
551 3523 733 3609 prisonum·
750 3523 888 3608 predicti
920 3523 979 3587 filii
1011 3524 1127 3603 nostri,
1157 3533 1191 3588 et
1212 3522 1383 3588 obsidibus

226 3629 447 3714 fugitivorum,
479 3627 508 3690 si
536 3627 592 3712 qui
623 3627 755 3707 fuerint,
788 3626 935 3694 similiter
971 3627 1210 3706 deliberentu13
1239 3637 1273 3692 et
1296 3628 1385 3712 quod

228 3733 268 3796 de
294 3731 389 3796 bonis
412 3730 543 3795 Civium
566 3729 794 3795 defunctorum
831 3729 865 3795 in
897 3727 1054 3796 Civitate·
1068 3731 1224 3816 predicta,
1253 3733 1281 3794 a'
1301 3740 1385 3795 tem·

226 3853 404 3918 pureque
433 3832 498 3919 ipsi
536 3832 635 3898 Cives
661 3855 696 3897 se
732 3831 894 3898 voluntati
923 3842 1034 3898 nostre
1060 3831 1291 3911 submiserunt,
1328 3831 1386 3896 fiat

226 3933 424 3998 contributio
472 3934 515 3999 ad
550 3935 811 4022 redemptionem
850 3934 1031 4019 predictam
1076 3957 1136 4021 pro
1179 3933 1386 4020 portionibus

228 4034 306 4112 suis,
332 4034 512 4098 secundum
547 4035 717 4101 facultates
757 4037 904 4121 ipsomm
949 4037 1188 4113 defunctorum,
1233 4035 1318 4100 sicut
1353 4045 1387 4099 et

227 4136 363 4201 aliorum
390 4134 532 4215 Civium,
557 4137 612 4221 qui
635 4137 835 4223 superstites
852 4146 931 4202 sunt
951 4137 986 4202 in
1010 4137 1151 4204 Civitate
1174 4136 1330 4221 predicta.
1354 4146 1388 4200 et

269 4257 384 4305 caran.
400 4257 475 4304 soc.
1169 4259 1197 4301 u
