3930 5088
543 489 605 546 152
900 505 1061 550 erronica
1086 503 1263 548 ιιιιοιιιιι
1291 503 1335 546 er

311 659 351 716 la-
368 659 413 704 ¹³⁵3
428 667 459 710 ffi-
539 677 697 740 sequen„
720 667 770 720 aet
795 656 1010 742 qualicunque
1035 657 1115 722 hora
1137 655 1235 720 Circa
1259 653 1381 719 vellent
1403 649 1626 730 lunanimiter
1648 648 1690 712 ad

538 779 640 822 unum
655 757 816 824 Maiorem
831 759 998 836 mutire,
1020 758 1129 844 iprum
1144 767 1369 844 presentarent
1385 755 1527 818 Domino
1543 751 1635 838 Regi,
1655 761 1690 813 et

539 859 703 926 Dominus
729 861 812 942 Rex,
837 873 948 928 amoto
974 862 1120 928 Henrico
1149 861 1191 926 de
1219 859 1369 926 custodia
1395 857 1556 935 Civitatis,
1581 857 1689 941 ipsum

538 961 676 1026 libenter
689 961 909 1028 admwae’

583 1063 700 1128 Postea
714 1063 846 1150 quidam
866 1063 908 1129 de
924 1061 1071 1128 Consilio
1086 1063 1196 1149 Regia,
1211 1063 1344 1142 scilicet,
1358 1061 1524 1125 walterus
1546 1058 1587 1122 de
1600 1057 1690 1120 Mer-

538 1177 617 1230 tona
630 1177 665 1232 et
687 1167 752 1246 aiii,
765 1158 927 1232 venerant
949 1168 984 1231 in
1009 1167 1196 1247 Civitatem,
1215 1178 1250 1234 et
1274 1166 1462 1252 perplures
1484 1163 1553 1227 dica
1569 1159 1690 1225 habue-

537 1279 616 1334 runt
626 1267 823 1356 colloquium
834 1269 921 1336 inter
935 1269 1040 1336 dictos
1054 1270 1293 1334 Aldermannoa
1308 1280 1343 1333 et
1357 1269 1481 1333 dietum
1495 1265 1688 1342 Walterum,

537 1393 649 1456 pacem
664 1382 699 1437 et
712 1371 753 1436 ad
764 1373 969 1438 concordiam
981 1373 1218 1437 reformandam
1225 1399 1236 1453 ;
1250 1371 1338 1437 unde
1353 1369 1568 1436 communiter
1578 1389 1689 1431 aseen-

537 1475 634 1538 titum
650 1473 723 1554 fuit,
738 1473 827 1560 quod
841 1473 1056 1560 quinqueviri
1071 1495 1113 1539 cx
1134 1485 1226 1560 parte
1240 1473 1535 1539 Alderrnannorum
1550 1470 1689 1534 fuissent

535 1575 641 1656 electi,
657 1585 691 1642 et
705 1575 849 1662 quinque
868 1597 908 1642 ex
923 1587 1015 1662 parte
1030 1577 1109 1642 dicti
1120 1575 1269 1657 walteri,
1283 1587 1318 1641 et
1331 1597 1429 1661 quem
1443 1575 1506 1660 ipsi
1521 1571 1688 1658 eligissent

534 1679 651 1745 ruisset
665 1679 775 1745 Maior
788 1681 875 1746 iltius
890 1682 977 1746 anni.

578 1781 723 1847 Nomina
744 1783 922 1848 electorum
944 1805 1003 1868 per
1016 1781 1255 1859 aldermannus,
1278 1781 1412 1858 scilicet,
1434 1779 1605 1844 Johannes
1619 1777 1688 1842 Ad-

534 1883 809 1962 drian‚Walierua
824 1885 855 1950 le
867 1886 976 1965 Poter,
993 1885 1155 1950 Henricus
1170 1883 1201 1949 le
1216 1884 1361 1969 Waleys,
1377 1881 1542 1946 Henrieus
1563 1880 1605 1946 de
1621 1881 1687 1945 Co·

533 1995 658 2065 ventre,
674 1997 708 2052 et
720 1987 864 2053 Thomas
879 1989 920 2054 de
936 1987 1087 2073 Baainge.

580 2089 724 2154 Nomina
741 2089 917 2156 electorum
935 2111 995 2176 per
1012 2090 1196 2155 walterum
1212 2087 1356 2173 Herm,
1374 2087 1507 2166 scilicet,
1523 2087 1685 2151 liebertus

536 2191 711 2276 Gratefige,
727 2190 891 2257 Robertus
907 2193 1075 2278 Hauteyn,
1095 2191 1221 2256 Alanus
1244 2190 1275 2256 le
1300 2191 1419 2271 Hurer,
1436 2189 1684 2255 Bartholomeus

534 2293 583 2359 lea
598 2293 721 2377 Spioer,
738 2293 902 2359 Henricua
917 2295 959 2359 de
976 2294 1152 2380 Wyntona.

580 2393 653 2460 Que
668 2393 799 2480 quidem
811 2393 955 2480 provisio
967 2405 1003 2460 et
1017 2415 1169 2459 aetenam
1184 2415 1251 2459 non
1266 2395 1357 2459 venit
1370 2395 1412 2459 ad
1427 2395 1592 2476 effectum,
1600 2394 1685 2458 sicut

534 2495 569 2561 in
585 2493 777 2581 subscriptis
791 2495 901 2582 potuit
916 2495 1051 2561 dinosci.

579 2599 831 2665 Memorandum
846 2600 1075 2686 quodquidam
1086 2599 1241 2665 maliciosi
1251 2599 1310 2663 viri
1327 2599 1440 2679 Belial,
1455 2609 1494 2664 ut
1508 2599 1683 2677 dicebatur,

535 2711 778 2786 proposuerunt
791 2701 892 2787 quod,
912 2703 1023 2767 atatim
1039 2703 1127 2786 Rege
1143 2711 1283 2779 mortuo,
1302 2701 1507 2786 insurgerent
1520 2701 1554 2765 in
1570 2701 1684 2766 Adder-

534 2825 673 2868 mannoa
688 2814 722 2870 et
737 2805 770 2869 in
786 2825 854 2885 eor,
869 2802 925 2892 qui
939 2804 979 2870 ad
994 2826 1051 2870 eos
1067 2803 1264 2870 adheserunt
1278 2813 1312 2868 et
1326 2805 1398 2867 ilios
1415 2803 1629 2889 depredarent
1643 2803 1683 2869 de

535 2905 687 2970 omnibus
702 2905 798 2972 bonis
814 2916 848 2972 et
871 2907 993 2972 catallis
1015 2905 1084 2970 auis
1109 2906 1251 2972 inventia
1273 2905 1307 2969 in
1323 2904 1475 2984 civitate,
1491 2905 1683 2971 arbitrantes

534 3005 619 3072 inter
639 3029 673 3072 se
695 3008 758 3074 hoc
777 3029 875 3094 poste
894 3009 1028 3094 impune
1045 3006 1115 3073 fieri
1130 3008 1210 3072 dum
1231 3030 1368 3094 regnum
1387 3020 1475 3074 esset
1498 3009 1568 3074 sine
1584 3011 1682 3094 Rege.

533 3106 635 3173 Quod
663 3106 745 3172 falso
771 3107 962 3173 arbitratum
986 3117 1048 3185 eat,
1077 3130 1153 3171 nam
1178 3109 1288 3171 statim
1313 3119 1553 3194 postmortem
1584 3111 1682 3196 Regis

532 3227 668 3292 regnum
695 3208 885 3275 devolutum
915 3220 966 3274 eat
987 3209 1055 3274 filio
1082 3231 1142 3274 suo
1168 3211 1313 3276 Domino
1343 3211 1516 3293 Eduardo,
1544 3225 1579 3279 et
1608 3215 1682 3279 ciun

532 3307 675 3372 universi
687 3305 728 3374 de
739 3329 839 3394 regno
853 3309 1008 3376 fecissent
1023 3309 1127 3375 eidem
1143 3309 1346 3392 fidelitatem,
1361 3321 1439 3378 tune
1454 3325 1584 3380 constat
1597 3315 1681 3380 bene

533 3407 621 3493 quod
637 3409 692 3493 qui
708 3409 768 3475 sub
784 3411 928 3478 dominio
944 3437 1004 3480 auo
1019 3413 1140 3500 aliquid
1160 3427 1272 3480 contra
1286 3438 1400 3501 pacem
1415 3419 1682 3502 perpetraverint,

532 3517 598 3572 tarn
608 3510 746 3593 graviter
755 3511 875 3578 debent
889 3515 1008 3599 puniri,
1023 3515 1108 3582 sicut
1119 3515 1179 3581 rub
1191 3518 1335 3582 dominio
1346 3519 1508 3603 patrissui
1523 3519 1680 3597 viventis;

533 3618 583 3674 ret
602 3619 711 3675 temen
727 3611 790 3696 ipsi
804 3613 906 3699 iniqui
928 3617 1060 3680 suerunt
1085 3617 1244 3702 impediti,
1266 3619 1353 3704 quod
1371 3618 1427 3681 illa
1441 3617 1592 3702 iniquitas
1612 3641 1679 3682 non

532 3711 616 3776 facta
627 3709 707 3792 fuit3
723 3733 798 3776 nam
811 3715 922 3779 rtatim
934 3718 1022 3802 Rege
1034 3727 1174 3795 mortun,
1186 3719 1219 3781 in
1230 3719 1371 3783 crastino
1387 3718 1497 3782 Sancti
1513 3715 1681 3782 Edmundi

532 3811 788 3900 Archiepiscopi,
811 3814 1084 3904 Archicpiacopua
1106 3818 1333 3899 Eborecensis,
1358 3819 1477 3884 Comes
1494 3820 1680 3901 Glovernie,

532 3914 674 3981 etmulti
690 3917 742 3982 alii
767 3929 932 4005 magnates
947 3919 988 3986 de
1014 3941 1114 4006 regno
1128 3920 1257 4006 Anglie,
1276 3921 1332 4008 qui
1349 3931 1429 3988 tunc
1454 3924 1586 3990 fuerunt
1607 3949 1680 4012 pre·

531 4027 653 4100 rentes,
679 4032 839 4087 venerunt
867 4022 901 4088 in
925 4023 1099 4090 Civitatem
1124 4033 1159 4089 et
1180 4023 1327 4092 iecerunt
1345 4048 1457 4112 paoem
1484 4031 1680 4117 proclamare
