3920 5022
539 586 797 632 vroaoourruu
822 585 1108 630 toncoursaou.
1358 569 1400 626 69

250 748 372 823 quanto
393 735 517 802 virilius
542 745 576 802 et
598 736 764 822 potentius
784 745 950 822 poterunt,
974 757 1009 800 se
1033 755 1204 820 preparare
1229 733 1403 811 festinent3

250 840 297 904 ita
319 839 416 925 quod,
432 839 521 904 omni
532 841 700 903 occasione
714 839 908 924 postposita,
920 840 961 903 ad
974 839 1138 917 ultimum,
1153 837 1204 902 die
1220 836 1403 916 Dominica

251 941 411 1021 videlicet,
423 941 570 1025 proxima
594 951 671 1024 post
685 941 806 1004 festum
828 938 913 1004 beati
929 939 1017 1004 Petri
1032 941 1073 1004 ad
1087 939 1226 1017 rincrrls,
1241 939 1282 1002 sd
1295 938 1405 1001 locum

252 1043 386 1107 veniant
400 1042 609 1107 antedictum.
636 1041 766 1121 Scituri,
782 1042 869 1127 quod
884 1043 912 1106 si
926 1041 1041 1126 aliquis
1055 1041 1154 1125 hujus
1169 1040 1313 1105 mandati
1327 1061 1404 1103 con-

253 1154 430 1230 temptores
458 1142 658 1224 inveneritis,
671 1144 725 1208 vel
739 1143 822 1209 circa
849 1142 930 1209 illud
959 1143 1157 1229 negligentes
1182 1153 1216 1208 et
1240 1141 1405 1221 remissos,

256 1246 297 1310 ad
308 1268 464 1332 personas
480 1255 514 1311 et
534 1246 622 1310 bona
644 1267 757 1310 eorum
772 1267 833 1310 nos
847 1244 988 1331 graviter
1001 1245 1184 1331 capiemus;
1208 1245 1292 1310 sicut
1305 1244 1405 1328 adip-

255 1371 309 1413 sos
334 1372 393 1434 per
413 1372 495 1435 quos
509 1371 577 1413 non
593 1357 658 1413 stat
672 1369 737 1433 quo
751 1349 859 1412 minam
874 1369 935 1411 nos
951 1357 985 1412 et
1008 1369 1143 1433 regnum
1164 1357 1313 1412 nostrum
1329 1368 1406 1411 con-

254 1451 375 1516 fusioni
385 1461 419 1516 et
429 1461 585 1536 perpetue
599 1449 840 1514 exheredationi
862 1448 1046 1514 liberemur.
1092 1449 1133 1513 Iu
1148 1451 1240 1534 cujus
1255 1449 1301 1514 rei
1314 1448 1406 1514 testi-

255 1554 402 1618 monium
425 1552 483 1616 bas
506 1553 632 1616 litteras
657 1563 785 1616 nostras
805 1551 875 1616 fieri
889 1551 1024 1616 fecimus
1038 1561 1198 1636 patentes.
1241 1551 1339 1614 Teste
1354 1571 1407 1616 me

253 1657 326 1740 ipso
338 1656 423 1740 apud
440 1655 596 1720 Sanctum
612 1655 760 1734 Paulum,
775 1653 968 1734 Londoniis‚
982 1654 1025 1739 vij
1043 1653 1095 1719 die
1109 1654 1132 1719 J
1133 1653 1201 1733 ulii,
1216 1676 1302 1718 anno
1316 1653 1406 1738 regni

254 1757 358 1821 nostri
372 1757 417 1820 xl⁰
431 1766 556 1821 octavo.

301 1858 418 1921 Postea
432 1879 490 1942 per
503 1865 693 1942 preceptum
708 1855 870 1941 prenotati
896 1854 1004 1919 brevis
1019 1853 1269 1920 innumerabiles
1294 1855 1408 1941 populi

258 1960 404 2044 equitum
418 1970 452 2024 et
466 1959 613 2044 peditum
629 1960 670 2024 de
685 1958 818 2044 singulis
830 1956 1037 2023 comitatibus
1047 1957 1164 2044 Anglie
1175 1969 1409 2038 convenerunt,

258 2061 313 2145 qui
329 2061 425 2124 armis
439 2060 523 2125 bene
537 2061 665 2139 muniti,
677 2059 813 2144 profecti
828 2059 960 2123 suntad
974 2070 1099 2124 costam
1110 2060 1206 2124 maris
1221 2060 1262 2123 ad
1273 2080 1408 2145 regnum

258 2170 371 2226 contra
398 2160 594 2247 alienigenas
633 2162 883 2240 defendendum,
924 2169 958 2225 et
983 2159 1131 2225 similiter
1158 2160 1408 2226 innumerabiles

259 2285 359 2328 naves
375 2264 415 2327 de
431 2262 585 2347 Quinque
601 2263 764 2329 Portubus
775 2272 809 2327 et
820 2262 860 2326 de
875 2260 946 2325 aliis
960 2261 1040 2327 locis
1055 2261 1161 2348 posite
1177 2263 1302 2327 suntin
1317 2263 1409 2342 mari,

259 2386 334 2429 cum
362 2365 440 2430 viris
464 2366 561 2430 armis
577 2365 660 2430 bene
684 2365 819 2430 munitis
834 2365 876 2430 ad
903 2363 1103 2430 obviandum
1127 2365 1162 2428 in
1186 2387 1285 2430 manu
1302 2365 1409 2431 valida

260 2466 355 2531 dictis
370 2467 567 2553 alienigenis.

302 2570 419 2635 Postea
434 2570 516 2634 circa
530 2570 652 2636 festum
663 2569 908 2654 Assumptionis
922 2570 1018 2635 beate
1033 2570 1141 2636 Maria
1153 2571 1317 2636 Dominus
1338 2571 1409 2636 Rex

260 2679 294 2734 et
305 2671 449 2737 Berones
464 2671 600 2757 profecti
615 2682 692 2735 sunt
707 2671 795 2754 apud
814 2670 1001 2749 Doveriam,
1016 2670 1073 2735 ubi
1087 2671 1323 2756 parlamentum
1348 2673 1411 2737 luit

261 2792 319 2856 per
338 2773 476 2838 nuncios
488 2772 605 2835 missos
616 2771 703 2834 inter
717 2771 839 2854 Regem
850 2782 884 2834 et
893 2770 1038 2833 Berones
1047 2771 1163 2855 Anglie
1179 2793 1219 2835 ex
1229 2794 1294 2836 una
1308 2781 1410 2857 parte,

261 2883 296 2936 et
310 2874 515 2958 alienigenas,
531 2893 613 2956 quos
628 2871 753 2954 Regina
775 2869 903 2954 Anglie,
918 2870 941 2934 J
943 2871 1089 2934 ohannes
1105 2870 1279 2951 Maunsell,
1296 2874 1410 2936 Petrus

263 2973 303 3038 de
330 2973 478 3050 saurais,
506 2981 541 3037 et
568 2971 742 3055 complices
769 2991 881 3034 eorum
906 2979 1160 3054 procuraverunt
1186 2991 1260 3034 cum
1285 2973 1410 3056 magnis

264 3074 449 3158 sumptibus
464 3074 505 3138 ad
519 3073 714 3137 veniendum
731 3091 828 3156 super
841 3071 1004 3157 Angliam.

308 3176 434 3256 Postea,
450 3176 533 3240 circa
544 3177 663 3239 festum
680 3174 896 3239 Exaltationis
911 3173 1028 3239 Sancte
1045 3173 1170 3254 Crucis,
1185 3177 1412 3241 transfretare·

263 3286 342 3341 runt
356 3277 507 3341 dominus
521 3279 619 3362 Hugo
634 3278 665 3342 le
680 3277 879 3361 Despenser‚
896 3275 1233 3362 Justitiariusanglie,
1246 3278 1361 3343 Petrus
1370 3280 1411 3345 de

264 3380 382 3443 Monte
392 3381 492 3456 Porti,
508 3380 605 3443 etalii
619 3379 755 3458 nobiles,
765 3379 950 3464 Episcopus
961 3378 1216 3458 londoniarum,
1228 3381 1412 3467 Episcopus

262 3482 451 3567 Wygornie‚
481 3492 515 3547 et
543 3482 597 3546 alii
625 3481 783 3566 Episcopi
806 3501 866 3565 pro
892 3502 972 3566 pace
998 3480 1201 3566 disponenda
1237 3493 1271 3548 et
1295 3483 1413 3548 confir·

264 3584 392 3648 manda.

306 3688 400 3751 Tunc
414 3686 571 3772 temporis
585 3685 646 3750 viri
660 3683 867 3750 ecclesiastici
878 3683 1038 3749 dederunt
1060 3683 1217 3749 decimam
1233 3694 1357 3771 partem
1373 3687 1413 3752 de

265 3786 405 3850 exitibus
420 3788 626 3853 ecclesiarum
643 3809 773 3852 suarum
787 3808 848 3873 per
860 3796 964 3851 totam
978 3787 1139 3871 Angliam.

350 3887 530 3952 Edwardus
546 3889 707 3969 Blundus,
818 3892 843 4060 }
867 3888 945 3953 Non
956 3889 1108 3971 jurarunt
1122 3888 1163 3952 ad
1178 3888 1373 3969 Scacarium,
1426 3887 1499 3932 Anao
1515 3884 1564 3932 ffl-
1577 3886 1634 3960 ΟΨ·

353 3988 468 4051 Petrus
483 3989 568 4053 filius
582 3991 714 4074 Angeri,
867 3991 996 4075 quando
1010 3991 1186 4074 presentati
1201 3991 1344 4057 fuerunt
1420 3949 1635 4086 &amm

313 4088 388 4151 Hoc
401 4109 498 4166 anno,
510 4093 651 4155 secunda
665 4093 717 4156 die
732 4103 807 4156 ante
823 4093 942 4156 festum
966 4091 1184 4154 translationis
1209 4093 1319 4157 Sancti
1345 4094 1413 4158 Ed·
1426 4091 1486 4136 ΨΜ
1496 4076 1574 4136 Μή·

268 4189 366 4255 wardi
382 4189 587 4254 confessoris
602 4193 692 4257 venit
707 4195 777 4256 Rex
794 4192 973 4258 Londoniis
989 4191 1168 4276 apartibus
1185 4193 1325 4258 marinis.
1424 4163 1580 4275 ffwffl‘
1607 4166 1636 4212 α’
