3850 5020
808 648 987 696 rusrnon.
1406 633 1494 697 xxvii

295 799 341 857 vel
353 797 488 859 heredum
509 807 670 860 nostrorum
683 799 804 861 hsbeent
817 802 974 861 custodium
987 801 1111 860 omnium
1130 809 1267 860 terrerum
1280 810 1310 860 et
1322 811 1494 863 tenemento-

295 913 358 953 rom
371 895 560 972 predietomm
573 915 662 974 usque
675 897 713 955 sd
723 916 803 957 susm
822 899 989 976 legittimam
1002 909 1105 959 etatem
1124 919 1180 958 una
1202 919 1266 958 cum
1279 901 1434 978 murilegiis
1447 921 1495 959 eo·

295 990 421 1060 medens,
435 991 514 1052 selva
526 1000 619 1052 tumen
634 994 751 1052 nobiset
764 995 913 1055 heredibus
926 999 1032 1055 nostris
1047 997 1164 1055 servicio
1174 997 1254 1056 nobis
1263 997 1357 1056 debita
1367 998 1402 1056 de
1413 999 1495 1058 terris

295 1097 323 1146 et
337 1090 503 1150 tenementis
514 1090 645 1167 predictis
653 1100 683 1150 et
696 1091 835 1170 homagiis
845 1094 983 1152 dictomm
997 1094 1133 1152 heredum
1141 1113 1205 1152 curn
1215 1095 1253 1152 sd
1266 1094 1378 1170 plenem
1393 1103 1495 1152 etatem

295 1187 482 1262 pervenerint.
512 1187 547 1244 In
561 1189 650 1265 cujus,
664 1192 715 1250 dre.
758 1191 844 1252 Teste
859 1191 938 1268 Rege
952 1193 1027 1270 opud
1041 1192 1181 1252 Oxoniem
1194 1193 1261 1249 xxiii
1275 1193 1319 1250 die
1334 1192 1494 1252 Octobris.’'

338 1283 381 1341 At
393 1283 442 1341 the
455 1284 522 1342 time
536 1284 569 1342 oi
589 1285 646 1344 this
667 1294 753 1364 grant
774 1289 883 1347 Robert
901 1291 1041 1368 Aguylon
1056 1310 1112 1348 was
1125 1311 1143 1348 e
1155 1290 1294 1359 widonen,
1318 1309 1350 1347 es
1363 1310 1404 1348 we
1417 1291 1496 1349 lesrn

294 1379 370 1439 from
383 1379 432 1438 the
444 1380 589 1459 following
603 1385 705 1445 entries
718 1405 756 1444 on
768 1385 818 1445 the
833 1386 902 1445 Pleu
917 1387 1000 1446 Rolls
1013 1389 1047 1446 of
1067 1387 1254 1446 Micheelrnns
1275 1388 1372 1456 Term,
1393 1389 1424 1444 in
1444 1387 1493 1445 the

295 1476 364 1535 51st
386 1497 456 1555 yser
469 1479 503 1536 ol
522 1477 571 1537 the
584 1481 664 1557 reign
677 1482 711 1540 οἱ
732 1483 844 1562 Honry,
858 1503 910 1542 son
930 1485 964 1543 ol
984 1485 1064 1562 King
1085 1485 1172 1554 John,
1185 1485 1275 1542 under
1300 1484 1348 1542 the
1362 1483 1495 1560 hesding,

296 1577 315 1606 “
326 1572 434 1632 Pincits
447 1591 541 1632 coram
562 1573 642 1651 Rege
655 1597 673 1636 e
686 1577 731 1636 die
752 1579 848 1639 Sancti
870 1579 1021 1640 Michaelis
1041 1582 1072 1640 in
1085 1589 1143 1640 tres
1157 1581 1352 1658 septimense,”
1365 1579 1495 1638 eleventh

297 1670 460 1728 membrone
469 1690 519 1727 :-

339 1773 357 1802 “
368 1765 517 1831 Hibernis.
558 1769 699 1829 Convenit
711 1773 786 1831 inter
797 1774 940 1850 Agnetem
953 1774 988 1832 de
999 1775 1094 1853 Vescy
1106 1775 1137 1832 in
1149 1774 1234 1851 legali
1247 1773 1383 1832 viduitate
1397 1793 1449 1832 ssu
1461 1791 1496 1830 ex

372 1865 508 1927 Eburum.
524 1791 745 1945 lunupnrteet
766 1869 925 1928 Robertum
949 1871 1079 1948 Aguilun
1099 1881 1128 1929 et
1148 1871 1306 1931 Johsnnnm
1327 1871 1362 1928 de
1383 1869 1497 1928 Mohun

296 1979 413 2020 uxorem
425 1967 487 2042 ejus
500 1966 646 2034 exultem,
659 1965 795 2036 videlicet,
808 1967 885 2044 quod
902 1967 977 2026 dicte
998 1970 1098 2044 Agnes
1118 1970 1255 2027 concessit
1268 1989 1319 2046 pro
1333 1987 1362 2026 se
1374 1977 1404 2026 et
1416 1967 1497 2025 here-

295 2058 377 2120 dibus
398 2065 456 2121 suis
476 2064 607 2141 predictis
629 2064 756 2122 Roberte
775 2072 803 2122 et
823 2063 954 2124 Johnnne
974 2073 1003 2123 et
1022 2065 1171 2124 heredibus
1191 2066 1278 2142 ipsius
1299 2065 1430 2125 Johunne
1451 2065 1496 2122 vel

295 2160 354 2218 suis
378 2161 529 2238 assignetis
552 2160 669 2220 reddere
681 2162 826 2220 minuatim
843 2169 905 2222 totu
917 2164 978 2222 vitu
998 2161 1165 2240 Mmgsrete
1181 2163 1329 2222 comitisse
1352 2161 1498 2221 Liucolnie

297 2256 395 2316 decem
407 2258 493 2317 libres
513 2259 711 2336 sterlingorum
723 2258 760 2316 ed
773 2259 843 2317 duos
856 2261 990 2318 terminos
1004 2261 1080 2330 unni,
1094 2261 1208 2328 scilicet,
1223 2269 1335 2319 centum
1349 2259 1452 2318 solidos
1466 2258 1495 2314 iu

298 2355 412 2412 octabus
427 2354 523 2414 Sancti
538 2355 687 2414 Michaelis
700 2363 729 2413 et
742 2363 856 2414 centrum
869 2355 974 2414 solidos
984 2357 1016 2414 in
1029 2356 1143 2414 octabus
1158 2356 1275 2424 Pesche‚
1289 2356 1364 2433 apud
1379 2355 1495 2414 Novum

297 2451 448 2529 Templum
471 2452 682 2512 Londoniurum
706 2453 865 2512 testimonio
889 2453 1025 2532 Magistri
1039 2455 1085 2512 vel
1104 2455 1226 2512 fratmm
1246 2453 1371 2530 ejusdem
1386 2453 1495 2521 domus,

297 2548 412 2616 scilicet,
426 2569 478 2626 pro
491 2550 651 2608 molendino
661 2549 695 2608 de
709 2549 827 2609 Kildure
841 2551 918 2627 quod
930 2550 1054 2628 predicte
1067 2549 1200 2609 Johnnns
1212 2549 1312 2608 habuit
1324 2550 1353 2606 in
1366 2547 1497 2607 erchum-

297 2646 378 2704 bium
390 2664 442 2722 pro
455 2646 551 2705 decem
570 2646 678 2705 libretis
698 2655 772 2705 terre
795 2666 850 2724 que
870 2647 997 2705 accident
1017 2645 1106 2705 eidem
1128 2646 1257 2706 Johunne
1278 2645 1313 2704 de
1333 2645 1447 2704 Mohun
1465 2645 1495 2700 in

297 2743 367 2802 ville
380 2744 415 2800 de
430 2743 550 2802 Kerlion
563 2745 595 2801 in
608 2763 660 2803 siis
675 2753 806 2821 purpurte
820 2745 854 2802 de
867 2743 1022 2802 hereditate
1036 2742 1155 2800 Wolteri
1171 2742 1336 2801 Mereseulli
1356 2741 1497 2816 quondum

299 2841 418 2900 Comitis
433 2840 567 2899 Penbrolr
581 2848 610 2897 et
623 2840 657 2898 de
671 2859 727 2915 quo
739 2839 900 2897 molendino
914 2839 988 2896 dicte
1003 2839 1153 2897 Comitisss
1174 2837 1320 2895 Lincolnie
1334 2844 1377 2893 est
1391 2835 1496 2904 dotuts,

297 2938 338 2996 its
351 2957 418 2996 vero
434 2937 510 3014 quod
530 2943 595 3013 post
615 2935 760 2994 decessum
773 2935 847 2992 dicte
868 2935 1018 2993 Comitisse
1031 2933 1137 2990 dictum
1150 2931 1342 2991 molendinum
1356 2948 1420 2987 oum
1434 2949 1496 3006 per·

297 3034 422 3092 tinentiis
443 3032 576 3110 predictis
602 3031 728 3090 Roherto
751 3039 780 3090 et
804 3031 934 3091 Johenne
957 3038 987 3089 et
1009 3029 1159 3088 heredibus
1182 3029 1271 3107 ipsius
1284 3027 1423 3095 Johunne,
1446 3027 1496 3088 διο.

298 3132 357 3188 sine
371 3131 464 3208 sliquu
478 3127 695 3188 contradictione
715 3127 837 3203 predicte
859 3127 980 3204 Agnetis
999 3135 1029 3186 et
1049 3127 1182 3185 heredum
1207 3145 1322 3184 suorum
1342 3124 1449 3200 integre
1467 3131 1497 3181 et

298 3225 464 3284 hereditarie
477 3233 632 3283 revertetur
645 3225 849 3302 inperpetuum.
891 3224 931 3282 Et
943 3233 1012 3282 tunc
1025 3225 1208 3301 imposterum
1221 3221 1346 3301 predicte
1360 3223 1457 3297 Agnes
1468 3228 1497 3278 et

297 3331 327 3381 et
339 3323 454 3380 heredes
475 3323 518 3380 sui
538 3325 632 3399 quiete
652 3329 834 3399 permaneant
846 3342 864 3380 u
877 3322 1002 3399 predicta
1016 3322 1157 3380 solucione
1171 3321 1267 3380 decem
1287 3320 1419 3378 librarum
1434 3338 1496 3396 pre·

299 3420 381 3478 dictis
407 3418 533 3476 Roberto
546 3426 576 3475 et
599 3417 730 3478 Johnnne
751 3425 780 3475 et
806 3417 955 3476 heredibus
968 3420 1058 3496 ipsius
1073 3418 1203 3479 Johnnne
1217 3418 1263 3476 vel
1276 3417 1334 3474 suis
1347 3415 1497 3492 assignetis

298 3516 427 3576 faciende
439 3515 651 3590 imperpetuum.
693 3513 733 3572 Et
746 3515 770 3570 si
783 3514 822 3572 ita
835 3515 981 3590 contingat
995 3515 1071 3592 quod
1084 3515 1209 3592 predicte
1223 3515 1323 3590 Agnes
1337 3521 1366 3570 et
1378 3511 1494 3570 heredes

298 3615 342 3673 sui
354 3614 400 3673 vel
413 3612 549 3690 assignati
563 3611 606 3669 sui
620 3609 654 3668 de
671 3611 733 3687 ipse
746 3609 886 3668 solucione
898 3611 1026 3669 fseiendu
1038 3611 1075 3670 ed
1095 3611 1186 3670 dictos
1207 3613 1341 3669 terminos
1354 3609 1384 3666 iu
1402 3609 1496 3683 aliquo
1552 3629 1554 3632 ·

298 3714 477 3779 cessererint,
490 3709 615 3788 predicte
638 3709 738 3785 Agnes
759 3707 866 3786 obliget
889 3729 919 3766 se
939 3717 969 3766 et
988 3709 1104 3768 heredes
1119 3729 1184 3766 ιιιοι
1200 3708 1245 3766 vel
1259 3727 1324 3765 suos
1337 3707 1496 3782 assignatos

298 3808 519 3886 distringendum
539 3827 590 3885 per
602 3807 746 3865 dominum
767 3805 876 3882 Regem
889 3807 934 3864 vel
954 3825 1003 3884 per
1016 3807 1136 3864 ballivos
1150 3824 1215 3864 suos
1229 3823 1420 3881 quoscumque
1433 3821 1497 3880 pre·

298 3907 365 3964 dicti
388 3906 530 3964 Robertus
551 3912 581 3963 et
600 3904 731 3964 Johanue
751 3911 781 3962 et
800 3903 915 3962 heredes
935 3903 1021 3980 ipsius
1042 3902 1172 3962 Johanne
1185 3902 1325 3960 voluerint
1344 3901 1448 3978 eligere
1461 3897 1497 3957 ad

299 4002 373 4061 hunc
386 4003 588 4060 districtionem
607 4000 764 4059 faciendum
776 4020 827 4077 per
840 4019 937 4058 omnes
951 4009 1040 4058 terres
1054 4019 1118 4057 sues
1132 4000 1162 4055 in
1177 3998 1283 4074 Anglin
1296 4005 1326 4056 et
1341 3997 1453 4064 Wullis,
1467 4005 1496 4053 et

299 4117 349 4175 per
362 4101 457 4158 omnis
469 4101 544 4159 bons
557 4119 608 4158 sue
628 4097 742 4158 mobilis
761 4105 790 4155 et
812 4096 974 4165 immobilis„
989 4116 1135 4172 quousque
1148 4094 1273 4173 predicte
1287 4096 1386 4170 Agnes
1399 4102 1428 4150 et
1446 4091 1495 4149 he-

300 4195 380 4254 redes
393 4197 437 4255 sui
450 4198 495 4255 vel
509 4199 553 4256 sui
565 4197 701 4273 assignati
714 4194 901 4254 ssdsfeoerint
913 4193 1037 4272 predicto
1063 4194 1189 4253 Roberto
1208 4201 1238 4251 et
1260 4190 1281 4250 J
1282 4191 1390 4250 ohanne
1403 4197 1432 4247 et
1445 4188 1494 4247 he-
