3920 5022
555 601 597 657 42
913 607 1074 654 oeonrca
1097 605 1277 652 usroaurr
1300 605 1347 651 ar

338 771 372 818 o«
382 768 544 846 russatus
556 761 676 829 fabrica
690 756 824 826 ecclesie
839 757 952 824 Sancti
976 759 1079 838 Pauli,
1092 767 1128 823 et
1149 757 1252 824 Falco
1273 757 1403 836 Baaset,
1417 753 1603 840 Episcopus
1618 751 1707 816 Lon·

333 837 416 882 ⁸⁰ss
428 835 512 882 ΡΜ
557 866 738 942 doniarum,
751 861 832 928 obiit
845 871 922 926 ante
934 862 1161 928 Pentecosten.

336 981 526 1058 coemere
643 966 751 1032 Adam
766 964 924 1050 Bruning.

333 1049 525 1158 Wlffisffl'
646 1068 810 1134 Henricus
821 1067 862 1131 de
874 1067 1047 1132 Coventre.

335 1127 395 1173 '09²⁸
445 1129 459 1171 J
602 1171 678 1237 Hoc
701 1191 786 1235 anno
808 1169 894 1234 infra
915 1169 1113 1254 quindenam
1138 1165 1249 1233 Sancti
1273 1166 1445 1232 Michaelis
1464 1164 1527 1230 fuit
1545 1161 1706 1228 maximus

557 1283 675 1341 ventus
690 1283 725 1336 et
739 1272 824 1336 ultra
837 1269 973 1336 modum
996 1271 1136 1336 orribilis
1161 1279 1339 1356 tempestas
1353 1269 1389 1332 in
1411 1277 1497 1333 terra
1510 1278 1545 1332 et
1565 1267 1599 1331 in
1615 1265 1707 1344 mari,

558 1377 604 1442 ita
626 1375 714 1460 quod
739 1372 989 1438 innumerabiles
1015 1394 1114 1438 naves
1140 1381 1297 1437 exeuntes
1311 1394 1331 1436 a
1344 1380 1443 1457 portu
1457 1372 1497 1436 de
1514 1369 1706 1436 Gememwe

559 1480 599 1545 ad
614 1477 805 1565 piscandum
819 1499 894 1542 cum
908 1476 1097 1543 hominibus
1110 1476 1286 1561 perierunt.
1667 1463 1671 1470 ¹

602 1583 729 1648 Eodem
745 1600 841 1660 anno,
851 1581 903 1646 die
912 1580 1049 1646 Veneris
1063 1589 1138 1646 ante
1153 1581 1273 1644 festum
1285 1578 1429 1644 Simonis
1442 1577 1583 1656 etJude‚
1593 1574 1706 1641 habito

559 1705 677 1769 magno
698 1692 732 1748 et
754 1682 852 1768 longo
876 1682 1092 1762 Parlamento,
1106 1681 1270 1746 Dominus
1286 1681 1356 1746 Rex
1372 1680 1514 1746 existens
1532 1680 1568 1743 in
1590 1699 1708 1762 magna

559 1787 632 1852 aula
673 1783 968 1858 westmonasterii,
1004 1781 1273 1852 convenientibus
1312 1783 1433 1848 ibidem
1463 1780 1707 1868 quampluribus

561 1885 745 1952 comitibus
760 1894 794 1949 et
810 1883 992 1950 Batonibus
1004 1894 1038 1950 et
1048 1885 1274 1950 innumerabili
1288 1884 1421 1970 populo,
1434 1883 1583 1968 lecitlegi
1598 1891 1708 1966 aperte

517 2027 528 2038 -
560 2001 595 2055 et
608 1989 761 2055 distincte
775 1987 1047 2073 compositionem
1064 1988 1182 2052 factam
1204 2007 1264 2072 per
1289 1987 1445 2066 Berones,
1472 1987 1516 2069 (in
1537 1986 1599 2050 alio
1625 1983 1708 2048 libro

559 2091 714 2171 notatas,)
731 2109 829 2174 super
843 2090 958 2154 usibus
973 2099 1007 2155 et
1021 2089 1145 2174 legibus
1160 2089 1250 2174 regni
1264 2089 1486 2156 emendandis.
1524 2089 1709 2172 Arcbiepis·

561 2214 663 2278 copus
684 2190 858 2256 cantuarie
884 2201 916 2255 et
939 2191 1146 2276 quamplures
1168 2191 1222 2255 alii
1236 2191 1391 2276 episcopi,
1404 2192 1644 2278 pontificalibus
1658 2193 1709 2255 in-

339 2305 550 2378 termissis
562 2293 645 2372 duti,
659 2314 773 2358 omnes
793 2291 866 2356 illos
893 2293 1063 2357 sententiis
1088 2294 1433 2359 excommunicationis
1458 2295 1708 2374 innodaverunt,

339 2371 552 2500 iffffirssffl
563 2396 618 2482 qui
641 2394 763 2480 aliquid
792 2403 904 2457 contra
932 2393 1019 2457 illam
1045 2393 1315 2477 compositionem
1344 2404 1604 2480 attemptassent.
1663 2396 1709 2460 Et

343 2505 382 2548 ‘ra
399 2509 485 2548 'ww
500 2501 550 2548 ΒΦ
563 2508 641 2563 tunc
656 2495 820 2561 Dominus
836 2494 907 2558 Rex
922 2493 1009 2579 cepit
1033 2494 1196 2558 licentiam
1222 2494 1451 2559 transfretandi
1469 2497 1504 2561 in
1530 2499 1709 2579 F'ranciam,

340 2583 432 2615 mum.
565 2623 676 2687 paoem
700 2595 940 2682 compositurus
966 2617 1041 2662 cum
1071 2596 1159 2680 Rege
1185 2595 1330 2674 hande,
1355 2605 1390 2660 et
1418 2597 1552 2662 tradidit
1574 2621 1710 2685 regnum

564 2725 661 2768 auum
689 2701 732 2765 ad
760 2698 1012 2766 custodiendum
1042 2697 1299 2782 Archiepiscopo
1328 2697 1710 2789 cantuarie‚‡Episcopo

564 2805 753 2893 Wygornie,
768 2801 910 2870 dominis
930 2803 1059 2888 Rogero
1086 2801 1194 2887 Bigot,
1211 2801 1347 2886 Hugoni
1368 2802 1478 2889 Bigot
1501 2814 1536 2870 et
1558 2804 1710 2893 Philippo

564 2911 691 2976 Basset.

610 3012 685 3077 Hoc
700 3031 786 3076 anno
801 3009 905 3074 factus
920 3017 972 3071 est
986 3007 1095 3072 Maior
1108 3006 1304 3072 Willielmus
1318 3007 1405 3072 filius
1420 3007 1560 3074 Ricardi.

608 3113 737 3177 Eodem
757 3131 854 3188 anno,
880 3111 932 3173 die
952 3107 1146 3192 precedente
1168 3109 1289 3174 festum
1304 3108 1415 3174 Sancti
1434 3111 1607 3191 leonardi,
1622 3114 1712 3178 venit

566 3213 730 3277 Dominus
746 3211 816 3274 Rex
830 3211 871 3274 ad
886 3230 1013 3273 crucem
1030 3208 1140 3273 Sancti
1157 3209 1259 3288 Pauli,
1272 3210 1499 3278 innumerabili
1519 3217 1642 3300 populo
1657 3216 1714 3280 ci-

566 3312 676 3377 vitatis
690 3313 724 3375 in
741 3311 949 3376 Folkesmoto
964 3321 1166 3396 congregato,
1175 3321 1209 3376 et
1223 3311 1268 3377 ibi
1279 3313 1366 3398 cepit
1379 3313 1542 3380 licentiam
1557 3340 1576 3382 a
1589 3319 1712 3403 populo

565 3413 804 3491 transfretandi,
834 3413 918 3478 sicut
940 3421 1036 3478 antea
1054 3415 1173 3478 lecerat
1195 3415 1283 3500 apud
1305 3416 1653 3499 westmonasterium
1677 3431 1711 3485 et

563 3514 716 3602 promisit
728 3515 775 3580 eis
791 3537 905 3580 omnes
929 3513 1095 3582 libertates
1118 3516 1247 3582 illorum
1272 3517 1379 3583 illesas
1399 3541 1600 3601 conservare,
1621 3522 1711 3588 etad

562 3617 822 3683 emendationem
839 3617 989 3682 Civitatis
1005 3620 1166 3684 concessit
1181 3620 1228 3684 eis
1248 3621 1386 3706 quedam
1400 3644 1486 3688 nora
1501 3631 1633 3704 statuta,
1648 3647 1711 3710 que

562 3719 708 3806 precepit
721 3718 949 3784 inviolabiliter
972 3719 1154 3785 observari:
1176 3721 1337 3801 videlicet,
1359 3726 1447 3809 quod
1462 3726 1502 3791 de
1518 3738 1624 3792 cetero
1644 3750 1711 3793 non

563 3823 748 3887 sitnecease
763 3819 881 3885 habere
890 3821 1088 3888 causidicum
1102 3822 1137 3886 in
1146 3821 1253 3906 aliquo
1262 3824 1392 3908 placito,
1403 3838 1494 3893 moto
1508 3829 1543 3892 iu
1559 3827 1711 3909 Ciuitate,

562 3945 667 4008 neque
682 3923 717 3989 in
741 3922 916 4009 Hustingo,
937 3945 1044 4008 neque
1057 3924 1092 3989 in
1108 3923 1178 3988 aliis
1200 3923 1307 3990 Curiis
1322 3927 1357 3992 in
1373 3927 1524 4010 Divitem,
1546 3939 1655 4016 preter
1676 3932 1710 3995 in

563 4025 691 4114 placitis
705 4026 747 4091 ad
763 4025 927 4093 Coronam
950 4027 1047 4114 Regis
1070 4027 1319 4114 pertinentibus,
1340 4030 1393 4095 vel
1408 4031 1442 4095 in
1463 4032 1591 4118 placitis
1614 4041 1713 4098 terra·
