3930 5088
558 575 618 633 162
915 585 1077 632 csomcs
1101 585 1277 632 aaronem
1303 585 1348 632 rr

555 740 742 806 Coloniensi
766 746 939 804 coronatus
964 747 1016 802 eat
1039 737 1074 802 in
1099 737 1240 804 Civitste
1265 737 1423 822 Aquensi,
1445 745 1480 802 et
1503 735 1550 802 ibi
1570 736 1605 802 in
1628 736 1705 804 sede

556 844 671 930 Magni
685 843 794 910 Caroli
808 841 1024 908 cathedram.

337 968 373 1015 οι
388 963 529 1028 aeuum
601 945 853 1012 Memorsndum
883 943 971 1030 quod
1007 944 1070 1010 boc
1105 964 1202 1024 anno,
1231 943 1284 1010 die
1314 944 1408 1010 Lune
1444 943 1594 1029 proximo
1630 953 1706 1008 ante

342 1030 506 1080 ''mu'‘
559 1051 678 1116 festum
695 1046 807 1112 sensa
821 1045 963 1124 Anne,
974 1043 1181 1110 venientibus
1204 1044 1330 1110 Maiore
1351 1053 1386 1110 st
1400 1044 1537 1111 civibus
1553 1045 1708 1110 muron-

560 1153 663 1217 iarum
685 1151 720 1215 in
745 1149 920 1228 Gildbslls,
934 1149 976 1214 ad
990 1147 1176 1214 communia
1190 1147 1308 1232 placite
1321 1148 1514 1234 placitando,
1535 1156 1570 1214 et
1591 1149 1707 1214 eodem

560 1254 613 1320 die
627 1253 713 1339 capti
728 1252 868 1318 subant
881 1252 1089 1338 quamplures
1110 1250 1250 1336 pistores
1272 1250 1314 1316 ad
1334 1271 1435 1338 panes
1449 1271 1562 1316 eorum
1588 1249 1709 1314 exemi·

561 1355 687 1421 nendos
709 1354 980 1441 siponderissent
993 1362 1151 1440 quantum
1166 1353 1345 1437 ponderare
1359 1351 1515 1420 deberent
1529 1350 1708 1416 secundum

562 1459 697 1524 sssissm
719 1458 837 1524 &tam
862 1457 897 1520 in
921 1455 1080 1535 Civitate3
1103 1455 1143 1521 de
1168 1453 1287 1540 quibus
1308 1455 1424 1520 Petrus
1445 1452 1560 1532 Cusin,
1574 1451 1710 1518 Vrceco·

563 1579 644 1640 mes,
669 1560 817 1646 permisit
840 1580 943 1624 unum
967 1556 1067 1623 libere
1092 1555 1180 1622 abire
1201 1577 1261 1642 pro
1286 1556 1434 1624 mercede
1458 1565 1553 1640 capte
1566 1553 1608 1618 sb
1622 1575 1662 1618 eo
1676 1562 1712 1620 et

564 1661 655 1728 illum
680 1683 746 1727 non
769 1659 934 1748 produxit.
986 1660 1084 1726 Unde
1107 1659 1179 1744 ipse
1203 1659 1319 1726 Petrus
1347 1659 1388 1725 de
1416 1659 1479 1724 boc
1507 1665 1649 1723 metatus
1676 1655 1712 1722 iu

564 1764 662 1849 pleno
693 1764 859 1850 Hustingo
888 1763 1056 1830 confessus
1084 1771 1137 1828 est
1164 1763 1323 1849 recepisse
1352 1783 1372 1826 s
1399 1759 1487 1826 dicto
1515 1759 1638 1845 pistore
1666 1759 1711 1823 lx.

567 1866 698 1946 solidos,
713 1889 755 1932 ne
768 1866 840 1952 ipse
863 1865 1095 1952 produceretur
1109 1888 1184 1932 cum
1200 1865 1270 1932 aliis
1285 1861 1474 1949 pistoribus.
1518 1860 1627 1928 Quare
1641 1861 1713 1946 ipse

567 1969 735 2054 depositus
758 1979 809 2034 est
829 1990 848 2033 s
871 1967 989 2034 bellive
1014 1990 1083 2050 sna,
1106 1969 1195 2055 quod
1220 1967 1331 2032 stetim
1353 1965 1555 2050 divulgatum
1578 1973 1631 2028 eat
1654 1985 1714 2048 per

566 2080 671 2135 totam
697 2068 884 2151 Civitatem,
908 2069 955 2134 ita
984 2071 1071 2155 quod
1099 2072 1163 2136 hoe
1191 2080 1307 2136 uotum
1336 2071 1458 2134 fectum
1486 2077 1538 2133 est
1567 2067 1714 2135 Consilio

567 2171 703 2236 Domini
718 2170 816 2258 Regis
827 2181 861 2240 et
870 2172 1053 2240 Beronibus
1067 2173 1108 2243 de
1124 2172 1301 2252 Scacmrio,
1315 2171 1371 2257 qui
1384 2173 1530 2238 iecerunt
1542 2169 1714 2248 Maiorem,

567 2273 794 2354 Vicecomites,
815 2284 850 2340 et
886 2297 1000 2342 omnes
1036 2276 1274 2342 Aldermsnuos
1309 2275 1420 2340 venire
1456 2295 1565 2340 corum
1601 2293 1636 2342 se
1672 2271 1715 2338 ad

569 2375 781 2442 Scaccerium.
820 2376 969 2444 ,Quibus
991 2379 1264 2464 comparentibus,
1294 2378 1416 2444 dictum
1446 2387 1498 2442 eat
1525 2377 1613 2462 quod
1641 2376 1715 2440 telis

568 2479 779 2563 transgressio
799 2488 850 2544 est
867 2490 980 2545 contra
1001 2480 1191 2566 dignitatem
1211 2480 1343 2566 regiam,
1364 2489 1399 2546 et
1422 2481 1597 2546 volucrunt
1614 2479 1715 2564 hujus

569 2581 615 2646 rei
630 2581 710 2646 scire
724 2583 892 2648 veritatem
907 2581 1039 2650 ibidem.
1084 2583 1213 2651 Quibus
1235 2604 1429 2668 responsum
1449 2584 1513 2650 ruit
1528 2603 1587 2669 per
1606 2581 1717 2661 Cives,

569 2682 779 2749 ostendentes
801 2693 905 2751 cartas
927 2705 1014 2766 suas,
1035 2685 1124 2772 quod
1145 2685 1209 2771 ipsi
1230 2705 1299 2750 non
1314 2685 1436 2750 debent
1459 2685 1612 2770 placitare
1626 2694 1717 2748 extra

570 2807 681 2851 muros
708 2785 869 2867 Civitatis,
898 2797 933 2853 et
961 2789 1049 2873 quod
1077 2787 1293 2855 vicecomites
1324 2785 1569 2852 Loudoniarum
1597 2785 1719 2852 debent

569 2892 708 2974 gaudere
723 2889 846 2956 eisdem
860 2889 1075 2972 libertatibus,
1090 2891 1207 2979 quibus
1222 2890 1276 2958 alii
1289 2890 1386 2957 Cives
1401 2899 1559 2972 utuntu13
1582 2899 1616 2956 et
1629 2891 1719 2976 quod

570 3004 710 3079 possunt
734 3014 884 3059 amovere
912 2994 1129 3062 vicecomites
1158 3017 1233 3060 cum
1262 3015 1395 3060 necesse
1424 2993 1532 3074 fuerit,
1568 3004 1602 3060 et
1637 2994 1718 3059 elios

571 3118 691 3181 ponere
705 3095 778 3162 loco
793 3117 918 3174 eorum,
938 3107 990 3162 set
1014 3098 1102 3182 quod
1122 3097 1301 3183 presentati
1314 3096 1382 3162 sint
1395 3097 1437 3162 ad
1451 3096 1635 3162 Scecarium
1649 3097 1721 3162 Do·

572 3200 652 3264 mini
668 3197 778 3284 Regis.
822 3198 933 3278 Quod,
947 3200 1090 3280 tandem,
1106 3201 1153 3266 eis
1168 3221 1360 3266 concessum
1374 3209 1436 3281 est,
1450 3210 1484 3266 et
1498 3200 1593 3266 datm
1608 3211 1660 3267 est
1672 3201 1719 3266 eis

574 3301 644 3364 dies
659 3299 700 3364 ed
712 3299 868 3366 Sanctum
882 3305 896 3381 l
912 3300 1092 3368 Martinum
1108 3303 1269 3389 Magnum
1288 3301 1323 3367 in
1338 3302 1531 3383 Londoniis‚
1544 3303 1602 3368 ubi
1616 3303 1722 3369 Justi-

576 3402 663 3468 oiarii
676 3402 814 3467 Domini
836 3404 934 3489 Regis
955 3414 1117 3472 venerunt
1138 3405 1173 3471 in
1196 3405 1280 3472 festo
1297 3405 1408 3472 Sancti
1421 3406 1552 3472 Andree
1565 3416 1600 3471 et
1614 3407 1723 3473 Maior

576 3515 611 3571 et
624 3505 840 3572 Vieeoomites
854 3517 889 3573 et
904 3508 1014 3574 Cives.
1058 3509 1135 3576 Quo
1151 3509 1202 3576 die
1216 3519 1421 3594 compertum
1442 3509 1506 3574 fuit
1519 3531 1627 3576 coram
1641 3511 1722 3596 ipsis

578 3609 619 3674 de
645 3609 743 3673 Petro
769 3609 883 3690 Cusin,
907 3610 992 3676 sieut
1013 3609 1196 3696 predictum
1217 3622 1279 3692 est,
1293 3621 1328 3677 et
1342 3611 1440 3676 etiam
1454 3621 1658 3695 compertum
1671 3625 1725 3682 est

579 3711 615 3774 in
628 3708 838 3793 inquisitione
852 3711 937 3775 foeta
951 3732 1010 3797 per
1024 3713 1183 3796 quosdam
1204 3721 1371 3798 magnates
1388 3710 1549 3790 Civitatis,
1570 3723 1722 3783 onerates

580 3811 616 3875 in
636 3809 700 3874 fide
722 3808 787 3874 Dei
808 3819 842 3874 et
862 3830 921 3894 per
942 3819 1178 3876 sacramentum
1199 3812 1288 3898 quod
1309 3813 1451 3877 fecerant
1472 3811 1617 3878 Domino
1632 3816 1725 3904 Regi,

582 3911 671 3998 quod
694 3909 775 3975 elter
796 3909 997 3990 Vicecomes,
1024 3911 1186 3977 Robertus
1211 3913 1252 3978 de
1266 3911 1482 3979 Meldeburne
1495 3915 1639 3997 nomine,
1653 3941 1727 4005 pre-

583 4013 656 4079 buit
669 4035 838 4081 essensum
852 4015 893 4080 sd
907 4015 1070 4102 predictos
1085 4015 1128 4082 lx.
1144 4015 1265 4082 solidos
1285 4015 1471 4102 capiendos,
1486 4027 1519 4085 et
1532 4017 1578 4085 ibi
1592 4042 1726 4106 presens

585 4120 690 4186 fueret
704 4117 738 4184 in
753 4121 857 4186 forme
870 4119 1026 4206 predicta,
1040 4130 1074 4188 et
1088 4120 1173 4201 ideo,
1188 4121 1272 4188 sicut
1286 4132 1320 4190 et
1334 4121 1441 4190 socius
1456 4145 1546 4204 suus,
1562 4125 1729 4212 depositus
