3930 5088
567 552 826 598 vrcuconaruusa
852 551 1140 599 uosoomaauaa.
1360 547 1419 604 141

274 709 332 776 sed
346 717 455 773 umen
477 705 563 792 quod
587 705 723 791 quilibet
745 703 864 769 habeat
886 703 984 769 breve
1010 705 1146 770 Domini
1171 706 1270 792 Regis
1295 708 1337 773 ed
1362 709 1426 776 hoc

275 811 510 898 exequendum.
557 808 644 894 Ipsis
659 829 747 887 vero,
763 806 819 893 qui
835 816 913 871 sunt
928 806 968 871 de
977 814 1140 891 potestate
1156 807 1307 874 Flandrie
1321 831 1426 875 rema-

275 925 373 980 neant
388 924 422 978 et
436 911 551 976 sintin
566 910 680 976 eodem
697 919 795 989 statu,
821 909 906 974 sicut
928 909 1097 995 provisum
1121 909 1184 974 fuit
1206 922 1283 996 post
1304 914 1426 978 festam

274 1017 464 1102 preteritum
480 1014 598 1079 Sancte
612 1011 790 1092 Trinitatis,
806 1011 937 1091 scilicet,
953 1011 1038 1078 sicut
1052 1013 1237 1080 continetur
1250 1017 1284 1081 in
1310 1016 1426 1082 litteris

275 1120 411 1185 Domini
426 1118 534 1202 Regis,
544 1137 606 1203 que
622 1116 740 1200 scripte
756 1115 881 1179 suntin
896 1113 974 1179 folio
985 1117 1182 1200 precedenti,
1193 1117 1252 1182 ubi
1266 1119 1428 1185 inveneris

275 1223 372 1288 talem
387 1221 534 1307 figuram.
588 1218 731 1304 Require
751 1217 786 1281 in
800 1217 866 1283 fine
879 1218 978 1302 hujus
1000 1217 1074 1284 libri
1100 1229 1221 1285 statuta
1244 1233 1277 1287 et
1300 1221 1322 1288 J
1325 1221 1427 1302 udeis‚

276 1345 338 1409 que
353 1324 438 1388 facta
451 1323 583 1385 fuerunt
596 1319 660 1383 hoo
675 1340 772 1398 anno,
787 1340 899 1382 mense
913 1317 935 1384 J
937 1317 1016 1383 unii.

321 1428 396 1491 Hoo
407 1447 492 1489 anno
503 1423 585 1488 obiit
592 1422 774 1502 Johannes‚
783 1422 1018 1508 primogenitus
1029 1423 1166 1489 Domini
1176 1425 1337 1506 Edwardi,
1346 1448 1429 1512 puer

276 1539 362 1595 etate
381 1529 523 1614 quinque
547 1547 706 1590 annorum
733 1535 767 1591 et
791 1547 859 1590 non
884 1527 981 1611 plene
1006 1537 1145 1612 quatuor
1163 1528 1428 1613 septimanarum.

278 1632 382 1715 Cujus
400 1651 517 1715 eorpus
539 1627 574 1692 in
596 1627 742 1693 Ecclesia
763 1627 1059 1708 westmonasterii,
1073 1650 1114 1693 ex
1129 1631 1281 1715 opposito
1296 1631 1428 1698 basilice

277 1730 388 1795 Sancti
403 1729 554 1794 Edwardi
568 1729 602 1792 in
617 1739 709 1814 perte
728 1729 903 1814 aquilonali
918 1731 1031 1794 datum
1046 1739 1097 1794 est
1111 1731 1276 1816 sepulture
1290 1732 1361 1818 viij⁰
1376 1734 1429 1798 die

278 1831 400 1896 mensis
413 1829 564 1915 Augusti.

323 1933 398 1997 Hoc
412 1926 509 2010 anno,
522 1931 558 1995 in
571 1929 689 2016 Vigilia
710 1930 822 1997 Sancti
845 1931 1078 2010 Bartholomei‚
1100 1942 1261 1999 venerunt
1282 1957 1428 2000 rumores

278 2035 459 2100 Londoniis
487 2034 662 2100 literatorie
691 2055 750 2120 per
778 2033 960 2099 Dominum
990 2035 1197 2117 Edwardum,
1237 2037 1326 2123 quod
1357 2039 1428 2124 ipse

279 2159 390 2203 mense
405 2137 487 2202 Maii
502 2137 699 2223 precedenti,
714 2157 789 2202 cum
803 2157 903 2200 uxore
918 2145 1025 2202 suaet
1040 2138 1130 2202 omni
1145 2139 1308 2220 comitiva,
1330 2162 1428 2204 sanus

279 2249 314 2305 et
327 2240 523 2306 incholumis
538 2239 696 2326 applicuit
710 2237 745 2303 in
759 2239 893 2302 Terram
910 2237 1062 2304 Sanctam
1078 2241 1164 2326 apud
1178 2243 1283 2308 Acon.

323 2343 586 2424 Memorandum,
609 2343 790 2428 quodcum
816 2349 893 2426 post
913 2342 1051 2427 prelium
1074 2345 1116 2408 de
1138 2344 1312 2424 Evesham,
1329 2344 1629 2426 Civesoapmtos-

183 2495 186 2501 .
279 2446 523 2512 Londoniamm
538 2455 783 2531 supposuerunt
798 2467 833 2510 se
846 2444 1008 2510 voluntati
1031 2446 1167 2512 Domini
1182 2446 1280 2532 Regis
1296 2448 1336 2512 de
1360 2447 1427 2512 vita
1438 2429 1573 2480 “ml'‘

279 2559 313 2614 et
335 2549 490 2615 membris
514 2558 549 2614 et
574 2548 726 2614 omnibus
753 2548 850 2613 bonis
876 2548 1052 2614 mobilibus
1075 2559 1109 2614 et
1131 2549 1352 2615 immobilibus
1368 2572 1427 2636 pro

279 2651 588 2738 transgressionibus
604 2651 651 2715 eis
665 2650 828 2734 impositis
844 2658 878 2715 et
892 2673 950 2737 per
964 2651 1091 2736 aliquos
1105 2652 1250 2738 ipsorum
1267 2653 1379 2732 factis3
1394 2662 1428 2718 et

281 2755 444 2819 Dominus
454 2755 526 2819 Rex
541 2751 627 2836 cepit
642 2750 817 2816 Civitatem
833 2751 867 2814 in
879 2773 994 2815 manus
1007 2773 1083 2817 suas
1093 2763 1127 2819 et
1137 2755 1249 2838 posuit
1262 2752 1308 2816 ibi
1319 2763 1428 2818 custo-

281 2857 339 2920 des
360 2877 420 2940 pro
438 2854 606 2919 voluntate
631 2875 700 2928 sua,
721 2853 808 2938 quod
823 2861 902 2917 tunc
927 2854 1085 2938 temporis
1099 2854 1170 2939 ipse
1185 2855 1347 2919 concessit
1362 2856 1427 2921 Re-

280 2957 355 3042 gine
370 2978 428 3021 sue
442 2955 624 3020 custodiam
640 2955 753 3020 Pontis
776 2952 1021 3019 Londoniarum
1037 2977 1099 3040 que
1118 2956 1224 3040 ipsam
1247 2958 1428 3022 custodiam

281 3058 388 3124 tenuit
401 3058 435 3122 in
451 3079 566 3122 manus
592 3081 668 3124 suas
687 3059 754 3124 lere
769 3079 828 3145 per
851 3079 909 3122 sex
923 3079 1038 3136 annos,
1053 3067 1087 3123 et
1103 3059 1220 3124 amotis
1236 3061 1429 3126 custodibus

283 3161 425 3240 Civium,
438 3161 561 3226 ibidem
581 3161 693 3249 posuit
706 3161 752 3226 ibi
767 3161 920 3227 custodes
935 3181 995 3245 pro
1006 3161 1174 3227 voluntate
1188 3167 1203 3242 s
1216 3185 1286 3241 sue,
1301 3162 1356 3247 qui
1371 3185 1430 3248 per
1434 3193 1473 3254 s,
1482 3189 1528 3240 lus
1540 3198 1574 3240 ,a

183 3325 185 3332 .
281 3275 389 3330 totum
403 3264 584 3350 predictum
596 3275 725 3352 tempus
741 3264 933 3349 colligerunt
947 3285 1061 3329 omnes
1077 3263 1184 3329 exitus
1195 3266 1381 3331 reddituum
1396 3276 1430 3333 et

281 3377 438 3432 terrarum
463 3365 607 3451 predicte
630 3365 751 3452 pontis,
775 3365 848 3429 illos
875 3364 985 3430 nescio
1010 3364 1045 3428 in
1067 3365 1178 3450 quales
1194 3389 1273 3431 usus
1295 3389 1431 3434 conver·

280 3470 391 3550 tendo,
399 3466 1150 3551 sedtamennullamemendationeminpredicto
1161 3470 1431 3554 ponteponendo.

281 3573 428 3638 Tandem
451 3594 525 3638 cum
550 3570 696 3658 predicta
710 3567 835 3654 Regina
849 3588 909 3652 pro
929 3575 1017 3632 certo
1031 3566 1256 3648 intellexisset,
1271 3571 1358 3655 quod
1373 3592 1432 3657 per

281 3677 344 3742 hoc
363 3698 517 3763 magnum
543 3675 721 3760 dampnum
743 3681 777 3737 et
790 3670 969 3756 periculum
985 3669 1072 3735 dioto
1091 3671 1185 3756 ponti
1212 3672 1430 3759 contingebat,

281 3779 353 3862 ipsa
367 3778 486 3844 dictam
501 3777 683 3844 custodiam
699 3775 834 3841 Civibus
858 3773 1043 3860 resignavit.
1088 3774 1165 3855 uui,
1190 3775 1253 3840 hoc
1274 3798 1371 3855 anno,
1396 3776 1432 3840 in

282 3881 366 3944 festo
382 3880 493 3945 Sancti
507 3880 616 3966 Egidii
626 3879 791 3964 elegerunt
805 3878 889 3942 duos
903 3876 990 3942 viros
1006 3877 1047 3940 ad
1058 3876 1150 3941 illum
1172 3888 1306 3962 pontem
1321 3888 1431 3945 custo-

285 3979 450 4059 diendum,
466 3981 551 4046 sicut
566 3992 640 4046 ante
651 3980 788 4066 prelium
801 3979 841 4044 de
857 3977 1022 4044 Evesham
1038 3977 1164 4042 solebat
1177 3980 1343 4045 custodiri.

327 4083 446 4146 Postea
459 4081 602 4167 predicta
616 4083 751 4166 Regina,
764 4081 847 4145 infra
856 4079 1040 4164 quindecim
1053 4079 1121 4144 dies
1131 4081 1282 4165 proximo
1294 4103 1431 4166 sequen·

283 4196 344 4268 tes,
359 4185 468 4252 nescio
481 4206 618 4270 quorum
631 4181 766 4250 consilio
782 4182 823 4248 de
838 4182 982 4268 predicta
998 4180 1213 4266 resignatione
1229 4207 1263 4250 se
1277 4183 1432 4270 penituit,
