3930 5088
571 545 632 610 156
927 563 1089 609 unomen
1113 563 1288 608 unionum
1314 565 1359 608 ιτ

567 714 719 781 omnibus
733 723 768 782 et
782 714 929 800 fingatis,
943 713 1005 780 nub
1018 715 1162 800 pen'eulo
1183 713 1453 794 emandationis,
1470 735 1599 780 necnon
1613 714 1716 778 emis*

567 817 667 883 tionis
681 818 749 883 vite
772 827 807 883 et
830 816 1062 898 membrorum,
1078 838 1121 882 ne
1146 817 1219 898 quie
1243 839 1357 902 penem
1380 827 1525 882 nonum
1539 816 1714 901 infringere

565 931 741 1005 presumat,
785 921 857 984 Non
871 919 958 985 enim
974 919 1126 984 omnibus
1141 931 1175 985 et
1194 921 1341 1006 singulis,
1355 921 1389 986 in
1409 918 1562 986 omnibus
1582 918 1714 1006 juribus

564 1032 599 1087 et
612 1021 721 1102 rebus,
734 1023 825 1108 ipson
839 1020 1112 1107 contingentibus,
1127 1033 1240 1088 oontm
1250 1041 1483 1109 quoecumque,
1493 1031 1561 1086 tum
1572 1023 1713 1088 iudom

564 1143 661 1208 quem
675 1123 828 1202 minores,
842 1123 946 1208 ponti
960 1143 1074 1187 numus
1086 1133 1120 1188 et
1128 1123 1248 1188 erimus
1258 1125 1399 1209 plenem,
1413 1133 1546 1188 auctore
1554 1123 1712 1201 Domino,

559 1227 723 1312 justicium
738 1227 900 1294 exhibere.
943 1226 1109 1308 lentibus,
1118 1227 1175 1294 W.
1190 1227 1337 1292 liborum
1350 1227 1615 1313 Archiepinoopo,
1624 1227 1711 1312 opud

562 1330 903 1411 westmonasterium,
936 1331 1013 1416 xxiij
1049 1331 1102 1396 die
1131 1329 1340 1410 Novembris,
1373 1351 1460 1396 enno
1493 1330 1584 1416 regui
1607 1329 1711 1395 noant

563 1451 679 1516 pnmo.

608 1535 726 1602 Poeteu
740 1535 904 1600 Dominus
919 1534 1126 1614 Edmnndue,
1140 1533 1226 1600 filiun
1241 1533 1377 1600 Domini
1393 1531 1501 1620 Regin,
1515 1535 1606 1600 venit
1620 1535 1710 1600 Lon-

564 1635 671 1700 doniin
697 1636 835 1703 e'l'em
861 1635 991 1715 Sancta,
1012 1643 1049 1700 ¹⁰
1074 1635 1127 1702 die
1151 1634 1353 1717 Deoembrie,
1379 1645 1459 1702 tune
1483 1637 1640 1722 temporie
1659 1636 1712 1702 die

562 1737 707 1806 Sabbati-

604 1843 680 1908 Hoo
705 1865 802 1922 enno,
823 1842 996 1910 undecimo
1021 1842 1074 1908 die
1094 1841 1252 1922 ianuarii,
1276 1841 1439 1906 Dominus
1454 1841 1651 1907 Willielmue
1666 1835 1707 1906 tle

558 1937 723 2023 Vulenoin,
737 1945 794 2031 qui
817 1945 880 2009 fuit
902 1967 977 2010 oum
1001 1943 1147 2009 Domino
1163 1943 1336 2024 Eduardo,
1355 1943 1447 2010 venit
1468 1943 1650 2009 Londoniie
1664 1943 1707 2010 de

557 2041 657 2112 'l'erre
673 2046 802 2112 Snnotu.
1556 2123 1558 2129 ,

602 2149 730 2214 Ultimo
750 2149 803 2214 die
820 2148 914 2214 istius
936 2145 1059 2216 mensis
1077 2149 1235 2230 Jannnrii,
1254 2149 1439 2236 Epieoopun
1462 2150 1707 2216 Londoninrum

555 2251 646 2315 venit
660 2244 842 2317 Londoniis
857 2253 1003 2331 nRomu,
1016 2252 1074 2317 ubi
1089 2253 1208 2316 mineus
1223 2254 1328 2317 fueret
1341 2275 1400 2338 per
1413 2253 1567 2338 legetum.

328 2371 366 2430 so.
376 2369 424 2419 1⁸5
436 2377 467 2446 ej.
599 2350 874 2433 {Memomndum
888 2355 988 2438 quod,
1002 2353 1086 2418 niron
1100 2371 1246 2419 mentem
1264 2355 1346 2420 Maii
1360 2355 1510 2439 proximo
1530 2355 1705 2440 preceden-

336 2435 534 2561 ffifflffl,
556 2460 633 2534 tem,
655 2455 792 2540 contigit
815 2455 848 2520 in
870 2456 970 2519 Terre
990 2455 1110 2519 Sancte
1131 2455 1218 2538 apud
1240 2457 1345 2533 Aeon,
1369 2455 1501 2534 scilieet,
1524 2458 1612 2539 quod
1634 2456 1705 2542 qui·

336 2565 481 2612 muratus.
556 2559 631 2622 dum
647 2558 837 2637 Sarouenoi,
852 2557 1016 2622 maleficus
1031 2557 1188 2642 proditor,
1203 2557 1308 2623 ueiens
1329 2558 1418 2643 loqui
1440 2557 1553 2644 galline
1567 2561 1706 2624 uooesoit

555 2659 595 2724 ud
619 2660 740 2725 muium
762 2659 898 2726 Domini
921 2657 1085 2738 Edwerdi,
1108 2668 1143 2726 et
1166 2659 1243 2724 iecit
1268 2681 1303 2725 se
1328 2659 1451 2726 ibidem
1476 2660 1705 2740 domesticum,

554 2763 630 2828 velu
647 2771 735 2828 esset
749 2757 790 2828 de
812 2761 933 2827 familia
948 2783 1027 2843 nuu3
1042 2762 1109 2847 qui,
1123 2783 1212 2842 vero,
1227 2762 1364 2847 quodum
1380 2762 1443 2842 die,
1457 2762 1549 2829 venit
1561 2763 1603 2828 nd
1617 2785 1704 2843 eum,

555 2865 676 2943 dicens,
692 2865 778 2951 quod
790 2865 862 2951 ipse
876 2863 975 2928 vellet
988 2873 1113 2930 neoreto
1125 2863 1166 2929 de
1180 2862 1269 2929 bono
1280 2874 1315 2928 et
1324 2865 1530 2949 promotione
1545 2885 1604 2929 nne
1614 2865 1704 2950 loqui

554 2987 629 3031 eum
652 2987 702 3031 eo.
747 2966 910 3032 Dominus
935 2974 1044 3030 entem
1070 2965 1261 3044 Edwardus,
1275 2965 1374 3030 nimie
1394 2964 1543 3030 credulus
1561 2976 1595 3031 et
1619 2965 1704 3030 ultra

554 3069 689 3132 modum
704 3068 837 3132 eredens
860 3067 1028 3151 proditon',
1043 3066 1165 3150 recepit
1188 3087 1263 3132 eum
1283 3065 1318 3130 in
1341 3087 1467 3131 camera
1488 3088 1557 3146 eun,
1570 3067 1702 3132 nemine

553 3169 676 3234 ibidem
689 3176 887 3233 remanente.
931 3167 998 3233 aui
1012 3187 1162 3252 nequem,
1171 3169 1282 3234 eltuto
1296 3168 1404 3234 hostio
1418 3189 1554 3250 onmere,
1568 3171 1704 3236 uooeeeit

554 3271 595 3334 ad
618 3269 798 3335 Dominum
823 3268 1031 3348 Edwardum,
1046 3271 1138 3355 quoni
1159 3270 1327 3336 locuturus
1342 3293 1418 3337 oum
1433 3272 1518 3358 ipso,
1533 3282 1567 3338 et
1581 3273 1704 3353 statim,

554 3379 698 3435 extracto
713 3370 854 3455 quodem
868 3371 987 3436 entello
1002 3371 1153 3452 texioeto,
1167 3372 1282 3438 volens
1306 3395 1382 3438 eum
1401 3375 1558 3454 occidere,
1573 3375 1663 3440 dedit
1675 3375 1705 3440 ei

554 3478 692 3553 quatuor
706 3471 840 3536 vulnere
853 3472 995 3558 pessimo
1009 3481 1043 3538 et
1052 3474 1119 3538 fere
1131 3473 1289 3539 mortalia.
1334 3474 1412 3558 lpse
1426 3496 1504 3541 vero
1519 3475 1701 3541 Edwerdne

553 3571 687 3636 viriliter
701 3573 826 3658 eligens
847 3597 882 3640 ue
901 3575 936 3638 in
962 3576 1152 3641 manuforti
1173 3577 1266 3642 illum
1280 3576 1464 3642 maleficum
1477 3579 1654 3663 prostravit
1667 3579 1702 3643 in

553 3684 648 3753 terro,
673 3685 707 3739 et
728 3675 859 3759 proprio
878 3677 996 3741 entello
1016 3679 1192 3763 proditoris
1216 3680 1324 3764 ipsum
1344 3679 1508 3742 inistetim
1523 3677 1702 3759 dilaniavit,

554 3775 751 3842 Benedictus
763 3777 854 3841 Deus
865 3777 872 3840 l
889 3787 923 3842 et
933 3777 1058 3843 oceidit
1093 3779 1210 3844 Postea
1221 3789 1337 3844 notum
1348 3779 1412 3842 fuit
1426 3779 1513 3865 quod
1527 3778 1701 3846 Soudenue

552 3879 643 3943 illum
669 3879 800 3944 miserat
828 3879 870 3943 ed
899 3879 1080 3944 Dominum
1104 3880 1302 3945 Edwardum
1327 3880 1585 3948 interficiendum
1616 3884 1702 3950 sieut

552 3975 655 4048 Vetus
681 3982 722 4047 de
748 3981 917 4048 Montnnis
942 3979 1056 4046 hebuit
1078 3981 1112 4045 in
1134 4003 1208 4060 usu,
1224 3981 1279 4066 qui
1294 3990 1441 4069 tempore
1459 3984 1555 4069 Regin
1571 3985 1701 4052 Rienrdi
