3856 5038
794 633 974 686 essenon.
1419 615 1487 684 lus

285 791 456 852 Brsdestolc
482 792 588 850 xviiid.
640 791 686 850 Dc
708 790 835 850 Henrico
861 789 946 850 Nono
970 789 1036 850 xviii
1044 789 1073 848 d.
1114 789 1161 846 Dc
1184 787 1250 846 Ads
1271 787 1304 846 de
1322 787 1484 848 Northbroc

283 892 388 950 rviiid.
429 893 476 952 De
491 891 577 950 Petro
591 890 697 950 xviiid.
738 891 785 950 Dc
809 889 922 966 lingere
946 889 1040 949 Pervo
1065 887 1134 946 vid.
1175 887 1222 946 De
1244 885 1370 946 Roherto
1394 888 1484 946 Boset

282 987 348 1046 vid.
390 985 545 1044 Hehendss
559 994 588 1044 et
602 984 736 1046 tenendss
754 993 784 1045 et
807 983 978 1062 recipiendis
991 982 1096 1042 eisdem
1116 981 1285 1040 monialibus
1298 992 1327 1042 et
1341 1001 1482 1042 successo·

282 1085 361 1142 ribus
375 1084 432 1142 suis
446 1085 477 1142 in
490 1090 656 1161 perpetuum
669 1083 699 1142 in
712 1083 914 1160 prenominatis
936 1081 1045 1142 duobus
1067 1079 1198 1140 menerlis
1211 1087 1240 1138 et
1253 1099 1271 1139 s
1283 1080 1484 1158 prenominatis

282 1181 441 1240 hominibus
464 1189 610 1240 eteorum
632 1181 837 1242 successoribus
858 1178 895 1238 ed
917 1185 1037 1256 quotuor
1059 1178 1126 1238 emti
1149 1177 1295 1248 terminos,
1318 1177 1433 1248 scilicet,
1448 1177 1485 1236 sd

285 1278 470 1338 Nativitatem
489 1278 585 1340 Sencti
609 1276 749 1338 Johuunis
777 1277 903 1355 Bsptiste
923 1277 997 1338 riis.
1019 1285 1047 1335 et
1070 1275 1138 1335 rid.
1158 1282 1188 1333 ot
1208 1274 1245 1334 sd
1263 1273 1366 1334 scetem
1390 1274 1486 1334 Sancti

286 1374 437 1434 Michaelis
450 1376 520 1435 xiie.
534 1384 563 1432 et
576 1376 604 1433 vi
615 1375 643 1434 d.
656 1384 685 1434 et
698 1375 734 1434 sd
747 1374 852 1434 ieslmn
864 1373 939 1433 besti
954 1371 1064 1432 Thonis
1082 1371 1215 1449 Apostoli
1235 1371 1274 1431 xii
1285 1393 1308 1432 s.
1329 1380 1357 1430 ot
1377 1373 1405 1430 vi
1414 1373 1443 1432 d.
1456 1381 1486 1431 et

283 1471 319 1530 nd
340 1472 445 1530 festum
460 1471 548 1530 Beate
568 1470 662 1530 Merie
681 1471 711 1530 in
731 1469 840 1532 Martio
860 1469 930 1531 xiie.
943 1477 973 1530 st
985 1471 1014 1530 vi
1025 1471 1054 1529 d.
1067 1470 1127 1529 sine
1140 1469 1199 1530 ullo
1212 1469 1410 1547 impedimento
1430 1471 1484 1530 mei

283 1569 329 1628 vel
342 1568 478 1630 heredum
498 1587 624 1628 meorum
645 1569 690 1628 vel
712 1569 871 1646 nliqnorurn
894 1587 1021 1628 meorum
1043 1569 1095 1627 sub
1118 1587 1189 1646 pens
1211 1567 1307 1626 decem
1325 1566 1487 1627 solidorum.

285 1668 348 1732 Que
362 1666 474 1743 quidem
487 1684 567 1742 pens,
582 1667 607 1724 si
620 1666 694 1724 forte
708 1667 856 1726 commisse
879 1665 973 1736 fuerit,
997 1664 1103 1725 eisdem
1123 1664 1292 1726 monialibus
1316 1663 1353 1722 sd
1376 1665 1486 1724 distric-

282 1762 386 1820 tionem
399 1761 568 1821 ballivorum
580 1779 706 1822 meorum
719 1761 765 1820 rel
778 1759 915 1820 heredum
926 1779 1054 1820 meomm
1068 1760 1197 1820 solvitur.
1239 1758 1303 1818 Hss
1317 1779 1385 1820 voro
1402 1763 1485 1839 quin·

282 1860 417 1936 quaginta
430 1857 533 1918 solidos
547 1859 633 1936 quieti
648 1857 771 1918 redditus
785 1864 895 1920 emtum
916 1857 1000 1918 dictis
1013 1857 1180 1918 monialibus
1192 1859 1343 1935 msignsri,
1357 1859 1443 1919 selvis
1456 1867 1486 1919 et

283 1956 400 2014 retentis
421 1955 490 2014 mihi
504 1965 534 2016 et
546 1955 695 2016 heredibus
708 1957 778 2016 meis
793 1955 926 2024 serviciis,
945 1954 1088 2032 teillngiis,
1103 1955 1352 2016 consuetudinibus
1373 1965 1402 2015 et
1422 1957 1486 2016 eliis

285 2054 489 2131 omnibusque
503 2051 538 2112 do
551 2053 656 2113 eisdem
670 2052 795 2112 occidere
807 2051 916 2131 possint
929 2053 958 2112 in
972 2053 1076 2112 eisdem
1090 2052 1168 2112 locis.
1209 2053 1249 2112 Et
1258 2073 1311 2130 ego
1321 2052 1487 2130 Mnrgtretn

284 2159 313 2208 et
325 2149 441 2210 horodes
455 2151 512 2210 moi
522 2152 746 2228 prenominatum
768 2151 917 2221 redditum,
939 2150 1013 2212 sicut
1033 2149 1190 2228 predictum
1204 2160 1255 2218 est,
1277 2151 1342 2210 Deo
1355 2159 1384 2210 et
1397 2151 1486 2211 Beate

285 2247 378 2306 Maris
396 2247 431 2306 de
455 2247 639 2308 Clerkeowell
652 2257 681 2308 et
693 2249 861 2310 monislibns
879 2247 982 2310 ibidem
996 2248 1062 2308 Deo
1076 2248 1261 2308 servientibus
1282 2249 1485 2327 imperpetuum

284 2345 541 2404 warrantincbimus
555 2345 615 2403 sine
629 2344 725 2421 ulique
738 2343 935 2422 impedimento
955 2345 1011 2404 mei
1024 2345 1070 2402 rel
1083 2344 1219 2404 heredum
1239 2363 1366 2404 meorum
1388 2355 1486 2405 contre

284 2461 380 2500 omncs
394 2451 501 2518 gentes.
544 2442 584 2500 Et
598 2449 629 2499 ut
643 2441 696 2499 hec
709 2461 771 2500 mea
785 2442 900 2501 donatio
914 2451 943 2500 et
957 2443 1099 2502 concessio
1113 2442 1194 2502 firme
1214 2451 1243 2500 et
1264 2443 1371 2502 stnhilis
1385 2443 1485 2521 imper·

283 2547 397 2614 potuum
411 2546 574 2615 permanent
587 2548 744 2615 presentem
757 2538 888 2616 peginam
901 2538 987 2616 sigilli
1000 2539 1054 2598 mei
1069 2538 1223 2598 munimine
1237 2539 1377 2598 roboravi.
1418 2538 1485 2599 Hiis

283 2636 411 2704 testibus,
434 2635 548 2714 Rogero
571 2645 639 2696 tuuc
662 2636 874 2698 londoniarum
898 2637 1036 2714 episcopo,
1068 2634 1195 2697 Roherto
1221 2635 1323 2698 Serum
1342 2636 1483 2715 episcopo,

284 2732 416 2792 Gnlt'rido
438 2741 506 2794 tunc
527 2733 633 2794 deceno
657 2733 754 2794 Sancti
779 2733 869 2804 Pauli,
895 2733 1037 2810 Magistro
1061 2731 1181 2812 P(etro)
1199 2740 1267 2794 tunc
1291 2733 1488 2794 orchidiscono

283 2828 504 2901 Londonisrum‚
529 2831 653 2890 Riourdo
677 2840 745 2890 tnnc
776 2832 868 2909 priore
892 2828 1029 2910 smus)
1055 2829 1214 2900 Trinitatis,
1239 2831 1337 2890 Fratre
1358 2831 1487 2890 Walters

283 2938 351 2988 tunc
372 2931 463 3007 priore
480 2929 700 2998 Prcdicctorum
715 2927 857 3005 Megistro
873 2928 999 2986 Roherto
1013 2925 1047 2986 de
1062 2925 1186 2996 Suwerk,
1202 2927 1326 2988 Domino
1341 2929 1487 2990 Gilebsrto

284 3025 319 3085 de
333 3027 467 3097 Bolebek,
484 3025 628 3086 Willelmo
642 3025 676 3085 de
691 3023 901 3094 Borchsmsted
912 3026 963 3085 ho.

326 3123 389 3182 The
403 3142 498 3182 nomes
513 3122 546 3182 of
556 3121 604 3182 the
618 3123 761 3182 witnesses
775 3118 877 3182 cooosd
890 3117 958 3180 with
971 3117 1020 3180 the
1034 3119 1185 3200 testimony
1199 3119 1233 3182 oi
1253 3119 1301 3180 the
1313 3121 1409 3199 jurors
1423 3121 1486 3182 thet

284 3219 341 3278 this
354 3221 410 3296 gin
423 3241 481 3282 was
495 3220 577 3282 medo
590 3221 619 3282 in
633 3220 681 3280 the
694 3239 762 3300 yesr
779 3217 1122 3288 inimititiarum
1136 3219 1224 3280 direct
1236 3219 1368 3280 evidence
1390 3221 1424 3280 of
1434 3239 1487 3280 one

284 3317 317 3376 oi
336 3317 384 3376 the
405 3335 555 3378 numerous
569 3318 640 3378 sulse
660 3319 810 3380 msertions
825 3317 858 3378 of
878 3315 1016 3378 Mattheus
1032 3315 1123 3386 Puris,
1136 3315 1199 3378 who
1213 3317 1370 3396 designstes
1384 3317 1436 3378 her
1455 3337 1487 3377 es

285 3414 425 3473 Countess
440 3415 473 3473 oi
484 3414 531 3474 the
546 3415 610 3474 lsle.
652 3415 715 3474 The
730 3415 832 3493 Priory
846 3414 880 3474 of
891 3413 1078 3491 Bishopsgste
1092 3429 1149 3474 viss
1163 3433 1180 3472 s
1194 3415 1317 3494 hospital
1330 3416 1419 3476 under
1438 3415 1487 3474 the

284 3519 468 3588 governmeut
483 3512 543 3570 oie
556 3513 632 3589 prior
645 3512 701 3572 und
715 3531 819 3571 cenom
834 3511 960 3588 regulsrs
975 3511 1009 3570 oi
1026 3510 1075 3570 tho
1090 3511 1172 3571 order
1185 3513 1219 3570 of
1231 3513 1274 3574 St.
1289 3514 1491 3590 Augustinus

284 3608 333 3668 the
346 3608 511 3668 foundation
526 3607 560 3668 of
570 3608 682 3667 Walter
695 3609 784 3678 Brun,
798 3608 898 3668 citizen
912 3607 945 3666 oi
964 3607 1093 3677 London,
1112 3609 1168 3669 end
1183 3608 1289 3670 Shorld'
1309 3609 1339 3668 in
1353 3610 1400 3670 the
1421 3631 1489 3691 yenr

286 3707 409 3778 1202-3,
423 3705 480 3765 end
493 3707 525 3765 oi
538 3704 660 3766 Rohesin
674 3704 719 3764 his
733 3705 805 3774 wife,
819 3703 963 3764 dedicated
986 3714 1017 3764 to
1040 3705 1089 3764 the
1101 3705 1212 3765 blessed
1228 3707 1327 3783 Virgiu
1344 3707 1441 3787 Msry,
1456 3709 1486 3767 in

285 3803 333 3862 the
347 3804 453 3863 suburb
468 3803 501 3864 of
521 3803 570 3864 the
584 3803 641 3884 city
655 3803 689 3862 of
710 3803 830 3862 London
843 3803 963 3862 without
976 3802 1025 3862 the
1046 3803 1176 3881 Bishop's
1191 3805 1275 3873 Gom,
1299 3803 1355 3862 end
1376 3799 1489 3885 usually

285 3900 447 3978 designated
462 3901 504 3962 St.
520 3901 607 3981 Mery
623 3900 733 3980 Spittle.
784 3900 819 3960 In
833 3899 882 3962 tho
896 3900 966 3960 deod
979 3901 1013 3960 of
1031 3900 1196 3960 ioundstiou
1210 3900 1288 3960 there
1302 3902 1326 3960 is
1340 3901 1397 3960 this
1410 3921 1488 3962 men·

287 3999 348 4057 tion
361 4000 394 4058 of
405 4019 422 4057 a
435 4007 576 4060 tenement
585 3998 708 4060 demised
720 4000 759 4079 by
771 3999 872 4078 Honry
882 3998 944 4058 Fits
954 3993 1079 4078 Aylwin,
1095 3997 1198 4078 Msyor
1212 3999 1245 4058 nf
1256 3997 1385 4068 London,
1395 4007 1426 4058 to
1440 3999 1488 4059 the

285 4096 344 4154 ssid
359 4095 469 4156 Wnlter
482 4097 538 4156 end
560 4095 605 4156 his
619 4096 703 4166 heire,
724 4095 770 4156 ior
783 4095 832 4156 the
846 4095 945 4156 render
959 4095 992 4154 oi
1002 4115 1020 4156 s
1032 4094 1128 4173 pound
1141 4095 1175 4153 ol
1185 4094 1341 4154 cinnamon.
1386 4103 1404 4132 ‘⁸
1415 4093 1487 4156 Item

283 4199 373 4254 totom
386 4202 490 4256 terrem
503 4193 590 4266 illem,
604 4214 692 4275 quom
707 4193 849 4256 Henrious
863 4193 960 4257 Maior
983 4191 1192 4255 Loudoniorum
1216 4191 1295 4264 mihi,
1312 4189 1445 4264 weltere,
1459 4203 1488 4257 st
