3930 5088
530 596 787 644 vreecosrrrcsr
814 596 1098 642 cennomannis.
1322 577 1382 640 155

239 745 416 811 minatione
432 767 490 812 sua
503 748 611 833 ipsum
626 771 692 813 non
716 749 830 814 habuit
852 770 912 834 pro
927 741 1105 813 sufficiente
1119 746 1270 824 litterato,
1287 747 1383 831 resig-

238 849 329 913 navit
342 848 532 915 electionem
547 873 660 930 suam3
682 851 769 915 unde
783 851 947 916 Dominus
963 851 1050 934 Papa
1065 849 1205 914 contulit
1216 848 1304 914 illam
1316 848 1385 932 dig·

239 951 374 1016 nitatem
397 953 525 1017 cuidam
549 953 638 1018 fratri
668 953 873 1038 predicatori,
893 952 949 1037 qui
974 952 1038 1015 fuit
1063 951 1156 1016 Prior
1180 950 1385 1036 provincialis

240 1051 340 1116 totius
356 1053 477 1118 ordinis
492 1055 541 1118 sui
556 1055 591 1118 in
605 1054 734 1139 Anglia,
746 1053 882 1119 Scochia
896 1062 931 1118 et
942 1053 1059 1131 Walia,
1074 1052 1207 1118 nomine
1222 1051 1385 1116 Robertus

241 1152 281 1217 de
298 1153 523 1242 Killewareby.

284 1257 411 1336 Postea,
425 1258 459 1321 in
474 1260 558 1322 festo
574 1257 685 1323 Sancti
699 1257 866 1324 Edmundi
891 1255 1147 1344 Archiepisoopi,
1163 1255 1331 1322 Gilbertus
1347 1255 1387 1320 de
1400 1269 1587 1394 geepffiaff

242 1357 346 1436 Clare,
359 1359 478 1423 Comes
495 1359 681 1439 Glorernie,
692 1360 825 1425 veniens
841 1359 927 1444 apud
936 1358 1264 1424 westmonasterium
1280 1379 1386 1423 eoram
1401 1401 1459 1463 rapt
1469 1399 1594 1447 Mami,

241 1461 386 1525 Domino
416 1463 516 1546 Rege,
551 1461 718 1528 laborante
746 1463 782 1526 in
805 1461 969 1539 extremis,
1006 1469 1207 1526 sacramento
1237 1461 1386 1545 prestito,

241 1561 390 1647 promisit
405 1564 493 1646 quod
506 1563 577 1647 ipse
591 1585 704 1649 paoem
724 1564 814 1649 regni
834 1563 951 1649 Anglie
966 1573 1182 1641 conservaret,
1196 1573 1232 1627 et
1245 1584 1304 1646 pro
1318 1573 1389 1627 toto

241 1684 338 1747 posse
353 1684 414 1727 suo
429 1665 549 1729 faceret
563 1663 744 1744 observare,
760 1674 794 1728 et
807 1665 888 1729 illud
902 1685 1039 1749 regnum
1053 1663 1230 1728 custodiret
1245 1664 1287 1727 ad
1306 1685 1389 1749 opus

242 1765 378 1830 Domini
393 1765 554 1830 Edwardi.
599 1767 728 1846 Postea,
738 1767 853 1831 eodem
865 1765 928 1844 die,
944 1767 1027 1844 scrb,
1039 1766 1111 1828 Rex
1125 1764 1216 1844 obiit,
1232 1787 1306 1830 cum
1320 1786 1391 1849 reg-

242 1873 374 1947 nasset!
383 1889 441 1952 per
454 1867 498 1952 lvj
515 1889 618 1932 annos
632 1869 789 1953 integros,
804 1878 838 1932 et
848 1889 892 1931 xx
907 1868 976 1931 dies
991 1879 1025 1932 et
1040 1867 1187 1953 sepultus
1202 1867 1296 1932 estin
1306 1868 1391 1932 feste
1397 1884 1436 1944 fo.
1451 1882 1497 1930 136
1510 1889 1542 1928 ν’.

242 1969 353 2034 Sancti
366 1969 533 2033 Edmundi
548 1970 658 2054 Regis,
673 1969 757 2033 sicut
773 1969 958 2034 continetur
972 1969 1006 2032 in
1022 1968 1099 2033 folio
1115 1968 1313 2053 precedenti.

286 2072 435 2137 Secunda
449 2071 501 2136 die
515 2081 593 2156 post
612 2073 732 2136 festum
747 2069 858 2136 Sancti
873 2071 1041 2135 Edmundi
1056 2071 1311 2156 Archiepiscopi,
1326 2071 1391 2134 fec-

241 2185 295 2239 tus
310 2184 361 2239 est
376 2175 485 2238 Maior
498 2173 663 2238 Walterus
680 2173 824 2260 Herevy,
840 2173 925 2238 sicut
939 2174 1125 2238 continetur
1139 2173 1174 2238 in
1189 2174 1267 2238 folio
1282 2195 1392 2258 prece·

242 2277 331 2343 denti
343 2298 519 2355 converso,
534 2275 591 2340 sed
607 2276 716 2339 statim
731 2297 797 2340 non
809 2284 1026 2360 presentatus,
1042 2276 1117 2361 quia
1131 2285 1305 2362 postquam
1322 2276 1393 2340 Rex

242 2379 324 2444 obiit
338 2379 418 2443 nulli
434 2378 578 2443 Berones
589 2376 722 2442 fuerunt
735 2377 777 2441 ad
792 2377 994 2443 Scaccarium
1009 2377 1168 2463 usquead
1183 2377 1271 2443 diem
1284 2378 1388 2442 illum.

286 2483 414 2562 Postea,
439 2481 474 2544 in
498 2480 616 2566 Vigilia
631 2478 741 2545 Sancti
763 2481 904 2559 Andree‚
928 2480 1091 2565 prenotati
1111 2480 1327 2546 Viceeomitea
1353 2480 1394 2544 de
1445 2476 1449 2482 ’

243 2607 330 2650 novo
344 2585 476 2648 fuerunt
489 2583 667 2668 presentati
681 2583 722 2646 ad
738 2582 931 2661 Scacarium,
947 2583 1131 2649 Beronibus
1145 2581 1267 2648 ibidem
1279 2584 1393 2647 seden-

244 2687 342 2762 tibus,
360 2686 421 2750 sub
432 2687 564 2750 nomine
578 2682 715 2748 Domini
728 2682 890 2749 Edwardi.

243 2788 488 2867 Transcriptum
510 2785 607 2869 primi
637 2784 744 2848 brevis
766 2785 854 2869 quod
875 2785 977 2850 exivit
998 2807 1017 2848 a
1040 2784 1237 2850 cancellaria
1259 2785 1394 2851 Domini

524 2886 686 2966 Edwardi
701 2896 778 2970 post
792 2884 919 2949 obitum
930 2886 1031 2971 patris
1048 2885 1108 2949 sui.

288 2991 468 3056 Edwardus
479 2990 543 3054 Dei
554 2989 666 3074 gratia,
682 2988 752 3052 Rex
764 2987 890 3072 Anglie,
903 2987 1067 3078 Dominus
1081 2986 1260 3072 Hybernie,
1270 2997 1303 3052 et
1314 2989 1393 3054 Dux

244 3094 452 3182 Aquitannie,
467 3093 661 3158 Vicecomiti
674 3092 851 3170 Nortffollr,
867 3092 1014 3156 salutem.
1032 3089 1129 3170 Cum,
1145 3091 1299 3154 defuncto
1322 3091 1392 3174 jam

244 3197 379 3265 celebris
393 3195 547 3262 memorie
573 3195 718 3260 Domino
741 3195 885 3260 Henrico
902 3195 1001 3279 Rege,
1025 3204 1117 3279 patre
1131 3204 1257 3273 nostro,
1272 3194 1314 3257 ad
1329 3215 1391 3258 nos

240 3301 332 3387 regni
345 3299 597 3385 gubernaculum
612 3297 815 3362 successione
829 3297 1031 3375 hereditaria,
1040 3319 1078 3361 ac
1089 3317 1260 3380 procerum
1275 3296 1390 3381 rengni

241 3404 420 3479 voluntate,
440 3409 473 3463 et
496 3397 651 3463 fidelitate
666 3396 763 3462 nobis
776 3399 924 3483 prestita,
939 3398 983 3462 sit
998 3397 1208 3476 devolutum
1230 3419 1288 3482 per
1302 3398 1390 3484 quod

243 3505 376 3572 nomine
391 3512 503 3568 nostro
518 3500 584 3586 qui,
610 3499 645 3563 in
660 3499 835 3564 exibitione
849 3500 986 3586 justitie,
1002 3509 1036 3564 et
1049 3499 1138 3585 pacis
1152 3499 1389 3580 observatione,

243 3607 395 3677 omnibus
420 3614 454 3670 et
476 3603 611 3688 singulis
637 3603 677 3667 de
700 3603 773 3687 ipso
799 3623 898 3688 regno
919 3603 1038 3666 scimus
1064 3623 1106 3666 ex
1120 3623 1209 3666 nunc
1223 3601 1388 3668 debitores

241 3734 354 3801 pacem
368 3719 513 3775 nostram
528 3707 606 3772 dicti
621 3715 786 3792 magnates
801 3715 835 3770 et
848 3705 959 3770 fideles
979 3705 1083 3769 nostri
1101 3704 1245 3770 fecerent
1264 3706 1390 3791 procla-

243 3815 345 3891 mari;
366 3811 427 3875 tibi
440 3808 648 3895 precipimus,
663 3807 751 3893 quod
766 3827 824 3893 per
841 3816 944 3872 totam
958 3807 1110 3872 ballivam
1124 3817 1214 3871 tuem
1229 3807 1263 3870 in
1280 3809 1390 3892 singu-

242 3917 282 3981 lis
299 3912 494 3979 Civitatibus
519 3921 553 3976 et
576 3911 698 3995 burgis,
716 3909 815 3988 feriis,
841 3909 1002 3989 mercatis,
1023 3918 1058 3974 et
1078 3908 1159 3973 locis
1182 3909 1252 3973 aliis
1274 3931 1389 3995 pacem

243 4025 388 4083 nostram
403 4013 531 4096 publice
545 4013 736 4098 proclamari
751 4023 786 4078 et
807 4012 941 4078 firmiter
956 4011 1058 4077 teneri
1073 4011 1189 4091 lacias3
1212 4011 1389 4077 inhibendo
