3920 5022
587 545 843 592 vicecom-ross
868 543 1153 588 tounoussauu.
1400 527 1442 586 63

294 705 530 776 remanserunt,
540 705 766 782 pugnaverunt
780 717 857 760 oum
869 693 1013 760 exercitu
1028 691 1126 779 Regis
1137 711 1241 776 usque
1251 690 1293 756 ad
1303 701 1446 772 noctem,

296 811 330 865 et
343 798 570 865 innumerabili
589 799 712 886 populo
724 798 892 884 utriusque
909 797 1012 882 partis
1032 795 1151 874 occiso,
1167 795 1314 860 Berones
1324 794 1447 862 habue-

296 913 375 967 runt
396 902 576 980 victoriam,
599 910 633 966 et
654 911 811 986 oeperunt
824 901 933 966 villam
960 900 1001 964 de
1024 899 1161 964 Liawes.
1211 897 1258 962 Et
1280 898 1350 963 Rex
1371 898 1447 962 Ale·

297 1005 427 1070 mannie
444 1013 558 1088 captus
573 1011 634 1082 est,
649 1012 683 1068 et
701 1003 797 1069 multi
819 1003 873 1068 alii
890 1003 1037 1070 Comites
1057 1011 1092 1068 et
1113 1001 1258 1066 Berones
1268 1000 1321 1064 vel
1341 999 1448 1064 reddi·

297 1109 416 1173 derunt
434 1129 469 1173 se
483 1107 535 1172 vel
549 1107 681 1170 fuerunt
698 1106 817 1186 occisi;
839 1107 875 1171 in
894 1127 959 1192 quo
982 1105 1147 1184 conflictu,
1163 1103 1233 1169 sine
1255 1102 1400 1189 Regibus
1414 1112 1449 1167 et

296 1210 441 1274 Domino
456 1208 629 1289 Eduardo,
642 1229 719 1272 xxv.
737 1208 873 1273 barones
888 1207 1007 1273 vexilla
1020 1215 1189 1292 portantes
1203 1206 1256 1271 vel
1269 1205 1356 1290 capti
1371 1213 1449 1269 suut

296 1312 349 1376 vel
368 1311 485 1390 eooisi3
508 1309 640 1396 quidam
661 1319 772 1375 tamen
793 1308 931 1374 barones
947 1309 988 1374 de
1002 1308 1146 1375 exercitu
1168 1306 1267 1393 Regis
1289 1315 1448 1393 ponentes

298 1435 333 1478 se
347 1413 383 1478 in
396 1413 518 1498 fugam,
533 1421 716 1476 evaserunt.

341 1513 604 1592 Memorandum,
628 1513 716 1597 quod
737 1521 835 1596 nocte
857 1511 912 1577 illa
933 1511 1019 1577 inter
1042 1513 1165 1597 Regem
1189 1519 1224 1576 et
1248 1511 1393 1576 Berones
1416 1518 1451 1575 et

302 1637 401 1681 suoso
420 1615 530 1680 extitit
550 1615 769 1702 provisumst
783 1615 980 1693 ordinatum,
995 1615 1084 1700 quod
1103 1613 1306 1700 providentie
1320 1612 1451 1677 Osonie

303 1727 428 1782 starent
440 1717 646 1797 inconcusse,
662 1726 696 1782 et
709 1717 738 1782 si
751 1717 831 1802 quid
842 1739 883 1783 ex
893 1717 942 1782 eis
952 1717 1038 1782 foret
1048 1715 1285 1800 corrigendum,
1299 1737 1358 1801 per
1373 1737 1451 1800 qua-

298 1828 375 1884 tuor
388 1818 563 1884 nobiliores
585 1819 702 1904 Anglie
720 1819 903 1906 episcopos,
926 1841 985 1884 seu
1006 1827 1185 1903 magnates,
1207 1817 1339 1902 penitus
1354 1818 1452 1882 coni-

298 1931 446 2007 geretur3
468 1932 503 1987 et
516 1921 545 1986 si
560 1922 717 1988 dissentio
737 1922 845 2009 aliqua
861 1924 947 1987 foret
969 1920 1054 1986 inter
1075 1920 1177 2006 ipsos,
1198 1920 1245 1985 ita
1258 1921 1347 2006 quod
1360 1920 1451 1985 nullo

298 2025 397 2089 modo
413 2025 588 2090 concordes
608 2025 678 2090 fieri
702 2035 850 2111 possent,
872 2035 953 2091 tunc
979 2033 1119 2090 staretur
1132 2023 1296 2090 veredicto
1312 2022 1451 2088 Comitis

298 2128 485 2213 Andegavie
500 2139 534 2194 et
548 2129 653 2194 Ducis
669 2130 869 2215 Burgundio,
892 2129 920 2194 si
942 2129 1047 2215 major
1059 2149 1135 2214 pars
1150 2128 1318 2192 Beronum
1333 2128 1453 2192 adhoc

299 2230 482 2297 consentire
503 2230 672 2296 voluisset.
717 2232 764 2296 Et
778 2234 820 2298 ad
833 2233 919 2297 hanc
940 2231 1162 2318 provisionem
1184 2230 1323 2296 fideliter
1343 2229 1454 2295 obser-

298 2332 451 2411 vandam,
463 2333 603 2419 predicti
617 2333 683 2398 duo
699 2334 806 2419 Reges
830 2338 907 2399 suo's
929 2333 1164 2420 primogenitos
1186 2332 1317 2397 obsides
1336 2340 1371 2396 et
1388 2330 1455 2416 pri-

300 2457 396 2500 sones
412 2434 598 2500 Beronibus
611 2435 826 2516 tradiderunt,
849 2446 883 2502 et
898 2444 1058 2501 statutum
1084 2445 1136 2501 est
1158 2445 1197 2501 ut
1217 2435 1455 2520 parlamentum

299 2539 363 2603 hoc
376 2537 513 2604 instanti
527 2539 612 2604 festo
627 2539 839 2604 Pentecostes
862 2539 949 2626 apud
964 2539 1154 2605 Londonias
1177 2548 1344 2620 teneatur3
1367 2537 1456 2624 quod

299 2663 466 2727 nunquam
480 2641 629 2726 pervenit
643 2641 685 2704 ad
699 2641 866 2706 effectum.

344 2743 472 2821 Postea,
487 2742 540 2806 die
555 2742 675 2806 Martis
689 2751 765 2806 ante
779 2741 1026 2820 Ascensionem,
1041 2742 1178 2806 clamata
1191 2741 1255 2806 fuit
1273 2763 1338 2827 pax
1358 2741 1456 2826 Regis

300 2853 335 2909 et
350 2845 516 2909 Beronum
530 2843 566 2907 in
581 2842 775 2920 Londoniis‚
790 2851 825 2906 et
843 2843 985 2907 omatino
999 2843 1091 2907 venit
1108 2842 1268 2907 exercitus
1290 2842 1458 2907 Beronum

300 2946 336 3010 in
351 2945 545 3024 londoniis,
560 2953 595 3009 et
604 2942 769 3008 Dominus
793 2945 865 3008 Rex
879 2966 954 3008 cnm
974 2943 1053 3023 suis,
1070 2952 1104 3008 et
1126 2944 1198 3007 Rex
1212 2943 1404 3009 Alemannis
1424 2952 1459 3009 et

302 3048 398 3112 multi
411 3048 571 3133 prisones,
586 3045 641 3131 qui
656 3045 742 3131 capti
753 3046 887 3112 iueumt
899 3044 935 3110 in
944 3045 1046 3132 prelio
1060 3045 1219 3131 predicto,
1231 3045 1374 3110 Domino
1389 3046 1459 3110 Ed·

302 3149 410 3215 uardo
434 3159 468 3214 et
484 3150 630 3216 Domino
655 3148 799 3214 Henrico
815 3149 856 3214 de
878 3148 1080 3228 Alemannis,
1096 3148 1151 3234 qui
1173 3157 1252 3213 sunt
1265 3147 1406 3227 obsides,
1420 3158 1459 3213 ut

302 3252 427 3318 dictum
455 3263 516 3332 est,
541 3253 660 3340 positis
679 3252 714 3317 in
731 3252 880 3318 custodia
904 3252 940 3316 in
962 3260 1069 3317 castro
1091 3252 1244 3317 Doveria.
1289 3252 1360 3316 Rex
1380 3272 1458 3317 vero

301 3354 504 3436 Alemannis,
524 3365 558 3422 et
581 3357 789 3442 quamplures
807 3355 861 3419 alii
881 3355 1030 3441 prisones
1051 3354 1152 3440 positi
1174 3363 1252 3419 sunt
1281 3353 1316 3418 in
1329 3355 1458 3419 'limim

302 3458 559 3522 Londoniarum.
597 3458 761 3522 Dominus
776 3467 886 3522 autem
903 3457 974 3522 Rex
988 3457 1174 3542 hospitatus
1192 3465 1243 3522 est
1257 3457 1344 3543 apud
1359 3457 1460 3522 Sano-

302 3571 374 3625 tum
390 3562 540 3641 Paulum,
554 3569 588 3625 et
607 3569 687 3625 tuno
712 3560 919 3645 quamplures
942 3560 983 3625 de
1005 3559 1126 3624 familia
1148 3559 1265 3624 domus
1283 3581 1342 3625 sue
1363 3559 1459 3626 abeo

303 3664 405 3730 amoti
413 3689 424 3744 3
439 3674 473 3729 et
488 3675 567 3730 tunc
576 3663 677 3728 nichil
691 3664 864 3729 allocatum
879 3672 931 3728 est
943 3663 974 3727 ei
988 3661 1041 3728 vel
1051 3662 1133 3748 Regi
1142 3663 1343 3744 Alemannis,
1355 3663 1461 3748 quoad

305 3766 370 3852 ipsi
384 3768 577 3834 tradiderint
592 3767 777 3832 Beronibus
791 3765 923 3832 obsides
939 3787 1028 3831 suos.

345 3869 594 3956 Transcriptum
622 3870 803 3935 litterarum
832 3891 912 3955 quas
944 3869 1090 3934 Berones
1126 3867 1287 3934 miserunt
1315 3867 1459 3932 Domino

390 3971 483 4055 Regi,
506 3981 582 4036 ante
602 3980 814 4058 prenotatum
836 3970 987 4056 prelium,
1013 3980 1047 4035 et
1067 3970 1247 4035 litterarum
1269 3991 1349 4054 quas
1373 3969 1461 4035 idem

392 4072 463 4137 Rex
477 4073 603 4138 remisit
616 4073 674 4152 eis,
689 4085 724 4140 et
737 4074 836 4139 etiam
849 4074 1031 4139 litterarum
1046 4095 1127 4159 quas
1142 4074 1213 4139 Rex
1227 4071 1417 4138 Alemannis
1428 4084 1463 4138 et

391 4172 573 4238 Edwardus
588 4173 785 4240 remiserunt
796 4173 992 4240 Beronibus.
