3898 5022
836 549 1014 594 raasson.
1438 531 1524 594 clxix

324 689 436 752 'Ibome
451 694 635 775 Erpyngharn
655 695 750 756 militis
771 698 879 775 plenius
900 703 1067 760 continetur.
1108 702 1180 761 Item
1201 701 1277 778 quod
1298 702 1380 759 liceat
1394 700 1524 760 Johanne

325 796 448 852 consorti
462 815 512 853 sue
526 796 555 852 in
569 797 698 854 omnibus
712 807 742 855 et
755 798 872 875 singulis
885 800 1017 858 maneriis
1031 810 1060 857 et
1073 800 1236 858 tenementis
1258 800 1310 858 sibi
1324 799 1361 858 ad
1373 802 1525 857 terminum

325 890 382 947 vite
403 909 452 948 sue
472 892 623 967 assignatis
643 902 755 951 vastum
774 903 804 951 et
824 894 1041 954 destructionem
1061 904 1091 953 et
1110 895 1226 953 exilium
1245 914 1297 971 pro
1318 914 1369 952 sua
1382 894 1526 953 voluntate

323 988 418 1046 Iacere
431 989 537 1066 absque
550 992 734 1068 impeticione,
747 992 950 1068 inquietacione
961 1013 1010 1050 seu
1024 993 1182 1070 calumpnia
1194 993 1329 1051 heredum
1340 1011 1389 1050 seu
1400 995 1526 1068 assigna·

324 1093 418 1142 torum
431 1107 681 1164 quorumcumque.
723 1088 762 1146 Et
777 1089 800 1145 si
813 1089 889 1147 dicta
903 1090 1035 1148 Johanna
1053 1090 1148 1165 aliquo
1168 1090 1252 1147 modo
1271 1089 1443 1166 implacitata
1462 1108 1526 1165 per·

324 1183 439 1240 turbata
451 1185 497 1242 vel
510 1186 657 1244 molestato
669 1186 755 1243 fuerit
772 1206 823 1263 per
835 1187 951 1244 heredes
966 1187 1000 1245 de
1014 1188 1178 1264 corporibus
1192 1187 1331 1244 dictorum
1345 1186 1483 1244 Willelmi
1496 1194 1526 1242 et

325 1279 456 1338 Jobanne
477 1292 609 1340 exeuntes
623 1282 668 1340 vel
688 1301 739 1360 per
758 1283 875 1341 heredes
896 1284 931 1341 de
953 1285 1117 1360 corporibus
1130 1283 1265 1341 heredum
1278 1290 1419 1350 exeuntes,
1435 1283 1480 1339 vel
1502 1283 1527 1338 si

324 1375 500 1453 impedierint
513 1380 557 1437 vel
578 1381 705 1458 impediri
725 1381 831 1438 faciant
851 1401 930 1439 suam
950 1380 1023 1438 hanc
1038 1382 1209 1438 voluntatem
1222 1379 1350 1437 ultimam
1367 1378 1526 1456 perimplsri

324 1483 373 1530 aut
386 1475 603 1551 assignationem
616 1477 731 1534 manerii
745 1478 779 1535 de
789 1471 944 1536 Glembam
957 1498 1045 1554 parva
1058 1487 1087 1536 et
1102 1477 1264 1536 Brewsham
1278 1477 1314 1535 ad
1324 1495 1437 1534 manum
1450 1493 1527 1532 mor-

324 1577 411 1638 tuam,
423 1580 490 1628 tunc
501 1572 562 1630 vult
572 1573 648 1648 quod
660 1575 833 1632 reversiones
845 1575 969 1631 omnium
979 1576 1168 1632 maneriorum
1179 1573 1375 1650 predictorum,
1385 1582 1524 1630 terrarum

323 1672 353 1720 et
365 1673 586 1724 tenementorum
600 1687 664 1725 cum
683 1669 811 1727 omnibns
824 1671 999 1746 pertinentiis
1014 1672 1071 1727 suis
1089 1690 1141 1747 per
1155 1690 1220 1729 suos
1234 1679 1396 1728 executores
1409 1679 1439 1726 et
1450 1668 1524 1727 feci·

324 1760 429 1818 Iatores
443 1763 601 1820 vendantur
622 1771 652 1820 et
673 1764 778 1821 denarii
798 1765 863 1822 inde
884 1766 1079 1842 provenientes
1100 1786 1151 1842 pro
1165 1767 1259 1843 gratia
1273 1766 1327 1823 sibi
1341 1784 1358 1823 a
1371 1766 1437 1824 Deo
1451 1767 1522 1842 opti-

324 1860 418 1917 nenda
430 1869 459 1918 et
472 1860 621 1937 capellanis
642 1861 736 1918 dimna
755 1862 784 1919 in
804 1863 920 1920 ecclesia
940 1863 976 1921 de
989 1862 1163 1941 Denyngton
1184 1863 1365 1922 celebraturis
1386 1861 1521 1920 distribu-

324 1965 416 2026 antur,
437 1959 628 2034 expendantur
648 1968 677 2017 et
690 1959 890 2029 condonentur,
904 1961 998 2036 aliqua
1018 1962 1196 2018 concessione
1216 1969 1245 2018 et
1266 1959 1474 2018 confirmatione
1489 1959 1524 2016 de

322 2053 364 2111 eis
379 2055 407 2111 in
422 2057 592 2113 eontrarium
604 2055 679 2114 facta
694 2075 751 2113 non
764 2059 901 2115 obstante.
942 2058 1015 2116 Item
1024 2058 1087 2116 vult
1100 2067 1128 2114 et
1142 2058 1266 2134 assignat
1279 2056 1356 2134 quod
1368 2075 1465 2114 omnes
1479 2057 1523 2113 sui

325 2152 478 2211 servientes
491 2154 626 2211 meniales
646 2155 716 2212 foris
734 2164 878 2212 manentes
898 2163 928 2212 et
947 2153 1081 2231 hospitati
1101 2156 1130 2211 in
1152 2175 1202 2212 sno
1222 2154 1348 2232 hospicio
1367 2172 1525 2230 perunum

323 2265 429 2304 annum
451 2257 517 2306 ante
541 2249 697 2324 predictum
717 2257 827 2327 tempus
850 2251 894 2308 sui
919 2250 1096 2308 resolutionis
1120 2250 1258 2326 stIpendia
1281 2259 1310 2307 et
1334 2249 1389 2306 alia
1412 2248 1524 2324 singula

324 2345 500 2421 recipientur,
521 2355 605 2422 prout
619 2348 652 2406 de
673 2367 707 2405 eo
727 2349 756 2404 ln
771 2367 821 2405 sua
835 2349 894 2405 vita
913 2356 1088 2426 receperunt.
1129 2347 1202 2406 Item
1215 2347 1277 2406 vult
1290 2354 1319 2404 at
1332 2347 1459 2422 assignat
1473 2365 1524 2422 per

324 2440 518 2501 discretionem
529 2441 659 2503 Johanne
672 2446 810 2502 consortis
820 2465 869 2503 sue
878 2443 900 2503 J
900 2445 1003 2503 obanni
1017 2445 1130 2503 domino
1141 2444 1306 2502 Beanmond
1318 2463 1403 2500 unam
1416 2442 1524 2519 peciam

324 2546 485 2613 argenteam
498 2547 528 2596 et
541 2539 702 2598 deauratam
724 2547 893 2616 coopertam,
918 2548 947 2597 et
967 2560 1055 2597 unum
1078 2558 1182 2614 equum
1195 2549 1327 2596 vocenrm
1341 2538 1384 2595 Le
1399 2538 1525 2597 Cowcer.

324 2632 397 2690 ltem
411 2635 473 2692 vult
486 2643 515 2692 et
528 2637 655 2711 assignat
670 2636 842 2704 Elisabetbe,
856 2637 914 2693 filie
928 2637 995 2694 dicti
1008 2634 1151 2703 Willelmi,
1166 2654 1254 2693 unum
1267 2635 1371 2692 lectum
1385 2635 1419 2692 de
1433 2635 1524 2691 serico

323 2749 388 2787 eum
405 2739 466 2788 toto
479 2741 615 2807 apparatu
634 2751 724 2808 nuper
738 2731 847 2789 Thome
862 2731 1046 2808 Erpyngbam
1066 2731 1162 2786 militis
1183 2740 1212 2787 et
1224 2750 1312 2788 unum
1332 2751 1384 2806 par
1401 2730 1522 2786 linthea-

323 2827 431 2884 minum
446 2825 480 2882 de
497 2825 617 2904 Reynes.
646 2827 719 2884 Item
733 2825 795 2884 vult
808 2833 838 2882 et
850 2825 976 2899 assignat
986 2823 1123 2880 Katerine
1138 2824 1255 2900 Botyler
1268 2824 1358 2880 sorori
1372 2841 1522 2881 sueonum

323 2942 374 2998 par
394 2923 610 2982 lintheaminum
633 2923 667 2980 de
689 2923 803 3000 Reynes
822 2930 851 2979 et
871 2939 960 2977 unum
983 2939 1034 2996 par
1052 2919 1188 2978 bedarum
1212 2919 1326 2986 coralli;
1349 2930 1378 2977 et
1397 2918 1523 2976 Radulfo

324 3018 437 3078 domino
449 3020 617 3079 Crombvvell
631 3041 681 3098 per
695 3019 889 3078 discretionem
903 3018 976 3075 dicte
986 3017 1006 3076 J
1007 3016 1116 3074 ohanne
1130 3033 1216 3072 unam
1229 3015 1336 3092 peciam
1350 3024 1522 3092 argenteam,

324 3115 486 3174 deauratam
499 3127 528 3174 et
541 3127 709 3194 coopertam.
749 3117 822 3175 ltem
836 3116 898 3175 vult
919 3124 948 3174 et
968 3115 1094 3191 assignat
1112 3113 1227 3171 cuilibet
1239 3131 1376 3189 generoso
1396 3121 1523 3189 tempore

326 3229 375 3268 sue
395 3213 575 3270 resolutionis
596 3216 649 3272 sibi
670 3216 801 3273 servienti
821 3215 895 3282 xlm
918 3213 1033 3271 cuilibet
1046 3213 1151 3270 saletto
1164 3229 1246 3280 xasa
1266 3210 1379 3270 cuilibet
1398 3211 1523 3287 garcioni

324 3329 371 3368 xe.
383 3318 412 3367 et
425 3308 541 3366 cuilibet
553 3320 667 3386 pagetto
676 3332 724 3370 vs.
738 3313 829 3389 majus
839 3319 868 3368 et
880 3312 972 3368 minus
985 3310 1042 3368 illis
1056 3309 1248 3366 retribuendas
1262 3329 1312 3386 per
1324 3309 1523 3368 discretionem

325 3423 440 3463 suonam
454 3412 633 3460 executorum
652 3405 786 3481 temporis
807 3406 962 3481 quantitate
982 3413 1011 3462 et
1032 3406 1142 3463 servicii
1163 3405 1298 3463 fidelitate
1318 3405 1466 3483 diligenter
1487 3409 1522 3464 a'c

322 3501 475 3580 prudenter
487 3500 676 3568 consideratis,
690 3500 746 3558 illis
759 3501 789 3557 in
802 3501 855 3558 hac
868 3501 1012 3559 voluntate
1034 3503 1191 3579 specialiter
1211 3502 1311 3579 legatis
1325 3523 1359 3561 ac
1372 3505 1521 3562 nominatis

323 3597 459 3655 duntaxat
480 3596 612 3672 exceptis.
652 3595 726 3653 Item
746 3595 807 3653 vult
826 3595 860 3653 et
875 3597 999 3672 ceslgnst
1012 3597 1157 3654 Willelmo
1173 3596 1253 3654 Rous
1271 3617 1316 3656 oa.
1336 3606 1364 3655 et
1378 3598 1522 3657 Willelmo

326 3695 461 3754 Hamond
474 3693 511 3751 ad
524 3693 673 3751 terminum
682 3693 739 3750 vite
750 3713 799 3751 sue
813 3693 959 3752 annuatim
973 3696 1025 3752 sub
1039 3694 1198 3752 conditione
1209 3696 1285 3772 quod
1299 3696 1403 3752 serviat
1416 3696 1522 3771 prefate

323 3793 454 3854 Johanne
474 3812 556 3862 ΠΜ
575 3800 604 3850 et
626 3793 751 3870 assignat
772 3791 886 3869 Rogero
908 3791 1007 3849 Hunte
1028 3792 1080 3850 sub
1102 3793 1260 3850 conditione
1287 3793 1363 3870 qnod
1383 3781 1522 3852 custodiit

322 3911 439 3968 parcum
458 3891 493 3948 de
506 3891 681 3969 Denyngton
702 3910 782 3948 suam
802 3891 974 3948 annuitatem
994 3900 1077 3966 prout
1096 3891 1125 3946 in
1145 3890 1294 3948 indentura
1313 3891 1378 3948 inde
1398 3892 1522 3967 perfecta

324 3988 433 4064 plenius
447 3989 614 4048 continetur.
650 3987 722 4046 Item
733 3988 857 4063 assignat
871 3987 985 4046 cuilibet
999 4007 1114 4046 suorum
1126 3996 1307 4046 executorem
1320 3989 1349 4046 in
1359 3989 1413 4046 hac
1422 3987 1524 4046 volun·

366 4103 479 4150 GAHD.
496 4103 569 4150 800.
918 4102 939 4144 Ζ
