3898 5022
428 491 519 558 cxciv
925 511 1103 556 rnursce.

428 662 556 742 Clyfford
576 671 605 720 ot
628 663 712 720 Anne
732 671 761 720 et
778 663 922 720 Willelmo
944 663 1060 740 Phelipp
1079 673 1107 720 et
1120 663 1251 722 ,Iohanne
1265 681 1316 738 pro
1330 663 1450 721 termino
1463 665 1521 721 vite
1535 685 1633 724 eorum

426 769 456 818 et
469 778 520 836 pro
535 758 654 816 termino
668 759 724 815 vite
738 759 812 815 illius
833 779 931 816 eornm
944 762 992 836 qui
1007 763 1206 837 superviveret,
1220 771 1247 818 et
1261 760 1410 818 heredibus
1424 761 1458 819 de
1472 765 1635 840 corporibus

427 858 486 912 suis
519 853 692 921 exeuntibus,
715 872 857 910 unacum
880 855 978 922 feodis,
1003 857 1230 914 advocationibus
1255 857 1437 916 ecclesiarum
1460 863 1511 916 &a
1535 871 1563 916 et
1585 879 1635 936 pro

428 952 539 1010 defectu
552 950 713 1026 hujusmodi
726 951 828 1020 exitus,
850 954 1008 1012 reversione
1022 953 1086 1010 inde
1107 954 1160 1031 ipsi
1178 974 1268 1030 nuper
1283 955 1355 1031 Regi
1375 963 1404 1012 et
1417 955 1565 1014 heredibus
1580 957 1636 1014 suis

430 1057 583 1125 spectante,
610 1057 693 1124 prout
713 1051 765 1105 &c
789 1059 818 1106 et
832 1049 954 1124 predicta
974 1050 1098 1108 maneria
1118 1051 1153 1108 de
1173 1051 1333 1130 Scrowtcby
1358 1061 1387 1108 et
1410 1053 1509 1111 Castre
1522 1073 1555 1110 ex
1570 1072 1635 1110 eon·

430 1145 553 1203 cessione
567 1143 671 1202 domini
689 1144 775 1220 Regis
790 1165 864 1202 nunc
883 1165 931 1220 per
951 1145 1059 1203 litteras
1080 1165 1144 1204 suas
1165 1155 1291 1223 patentes
1312 1147 1443 1225 predictis
1463 1149 1636 1225 juratoribus

431 1261 515 1318 super
528 1242 659 1318 capcione
673 1241 758 1318 hujus
772 1243 958 1318 inquisitionis
973 1243 1000 1299 in
1020 1243 1191 1300 evidenciam
1211 1244 1336 1302 similiter
1350 1254 1475 1303 csoensas
1489 1245 1553 1303 inde
1567 1247 1638 1302 inter

432 1339 487 1396 alia
507 1359 557 1417 per
579 1358 680 1396 nomen
701 1340 887 1396 maneriorum
909 1340 943 1397 de
964 1339 1064 1398 Castre
1085 1348 1115 1398 et
1140 1339 1310 1420 Scrowteby,
1335 1362 1390 1417 que
1414 1361 1502 1418 nuper
1524 1344 1639 1401 fuerunt

435 1434 571 1492 Willelmi
586 1435 707 1494 Bardolf
723 1436 827 1502 mihtis,
842 1435 937 1492 fratris
957 1435 1073 1512 predicti
1094 1434 1205 1494 Thome
1226 1457 1315 1514 nuper
1335 1437 1439 1495 domini
1460 1437 1495 1495 de
1509 1436 1637 1506 Bardoif‚

435 1551 491 1590 una
516 1553 581 1590 cum
601 1531 691 1590 feodis
713 1535 768 1589 &c
810 1531 849 1589 Et
871 1531 967 1588 dicunt
985 1531 1060 1608 quod
1083 1531 1229 1590 ,lohannes
1252 1533 1413 1592 vicecomes
1435 1535 1592 1592 Bcnumont
1610 1543 1639 1592 et

434 1629 558 1706 predicta
583 1632 669 1688 Anna
698 1647 716 1686 a
739 1637 863 1704 tempore
884 1629 982 1686 mortis
1005 1629 1128 1704 predicte
1152 1628 1282 1689 Johanno
1295 1650 1384 1705 usque
1406 1630 1479 1690 diem
1500 1631 1639 1708 capcionis

434 1725 520 1801 hujus
542 1725 728 1802 inquisitionis
751 1727 875 1783 maneria
896 1725 1021 1801 predicta
1041 1744 1105 1782 cum
1129 1726 1300 1802 pertinentiis
1323 1730 1375 1784 dre.
1394 1734 1599 1803 occupaverunt
1611 1735 1640 1782 et

436 1822 527 1880 exitus
551 1830 580 1880 et
602 1822 728 1899 proficua
752 1823 816 1880 iude
840 1830 1024 1898 perceperunt
1046 1830 1075 1879 et
1101 1821 1193 1879 adhuc
1215 1821 1380 1898 percipiunt,
1401 1829 1444 1878 set
1467 1840 1524 1897 quo
1548 1821 1638 1888 titulo,

435 1919 556 1995 qualiter
569 1927 598 1976 et
610 1937 667 1995 quo
680 1917 764 1974 modo
785 1918 859 1976 idem
874 1920 1037 1976 Vicecomes
1060 1918 1217 1975 Beaumout
1235 1916 1332 1974 eudem
1353 1917 1477 1974 maneria
1500 1937 1565 1974 cum
1579 1937 1639 1993 per·

436 2015 570 2082 tinentiis,
594 2022 627 2072 ut
650 2014 805 2090 predictum
829 2024 880 2080 est,
895 2016 1041 2091 occupavit
1062 2023 1090 2073 et
1113 2015 1203 2072 exitus
1225 2023 1253 2071 et
1273 2013 1397 2090 proficua
1417 2013 1481 2071 inde
1500 2013 1530 2070 in
1550 2015 1640 2071 forma

435 2111 562 2185 predicta
580 2113 703 2186 percepit
724 2121 753 2168 et
773 2112 888 2186 percipit
909 2111 991 2168 iidem
1013 2113 1151 2188 juratores
1174 2111 1283 2187 penitus
1305 2110 1443 2186 ignorant.
1485 2109 1525 2168 Et
1545 2110 1641 2166 dicunt

437 2206 513 2279 quod
527 2207 649 2282 predicta
663 2206 794 2266 Jobanna
810 2209 878 2264 obiit
891 2209 946 2264 xii⁰
968 2208 1012 2265 die
1033 2208 1135 2264 Marcii
1150 2227 1223 2264 anno
1237 2208 1316 2282 regni
1333 2207 1419 2282 Regis
1436 2207 1552 2264 Henriei
1571 2208 1640 2265 sexti

436 2311 501 2378 post
514 2313 697 2379 conquestum
718 2306 797 2372 xxv⁰‚
819 2314 848 2361 et
867 2305 942 2380 quod
957 2305 1117 2362 Wiiioimus
1140 2306 1297 2362 Bcnunront
1313 2315 1356 2360 ost
1370 2304 1592 2379 consanguineus
1612 2313 1641 2360 et

437 2397 518 2456 heres
542 2399 666 2476 ejusdem
688 2398 820 2457 ,Iohanne
844 2400 907 2456 inde
931 2401 1120 2478 propinquior,
1141 2401 1277 2468 videlicet,
1297 2400 1371 2457 filius
1402 2401 1565 2458 Elizabetbe
1585 2400 1641 2458 filie

437 2496 562 2571 ejusdem
581 2497 721 2564 Johanne,
742 2506 771 2554 et
787 2497 862 2572 quod
876 2498 949 2554 idem
964 2498 1123 2555 Willelmus
1136 2507 1180 2554 est
1193 2499 1274 2554 etatis
1294 2498 1441 2555 tresdecim
1462 2517 1598 2555 annorum
1612 2507 1641 2556 et

438 2591 583 2668 amplius.”

480 2689 514 2745 In
527 2690 574 2746 the
592 2691 670 2749 send
690 2711 758 2770 year
780 2692 814 2750 cf
834 2691 878 2749 his
900 2693 988 2768 reign,
1007 2691 1125 2749 another
1139 2691 1200 2748 writ
1214 2710 1269 2747 was
1288 2690 1381 2748 issued
1400 2690 1500 2768 hythe
1521 2691 1600 2768 King
1612 2691 1640 2747 in

438 2787 496 2844 this
518 2788 593 2845 form
605 2799 673 2846 =--“
685 2789 827 2847 Henricus
842 2790 898 2848 Dei
923 2791 1014 2866 gratia
1045 2789 1105 2846 Rex
1132 2788 1236 2864 Angiie
1257 2797 1286 2844 et
1314 2787 1430 2846 Francie
1452 2797 1481 2845 et
1503 2789 1642 2846 Dominus

438 2883 584 2952 Hibernis,
601 2885 745 2946 Escaetcri
759 2887 851 2945 sucin
867 2887 1001 2944 comitatu
1011 2885 1173 2950 Norffcleie,
1185 2882 1311 2946 salutem,
1352 2884 1426 2942 Cum
1440 2902 1489 2960 per
1503 2883 1643 2958 quandam

438 2981 644 3058 inquisitionem
665 3003 760 3042 eoram
781 2984 912 3043 Johanne
935 2981 991 3060 Say
1005 2999 1094 3056 nuper
1114 2979 1266 3036 Escaetore
1279 2988 1376 3034 nostro
1390 2980 1418 3034 in
1433 2977 1566 3035 comitatu
1580 2998 1643 3055 pre-

439 3076 514 3136 dicto
527 3079 562 3136 de
576 3079 708 3138 mandato
722 3089 819 3137 nostro
834 3087 944 3154 captam
958 3085 986 3134 et
999 3076 1028 3132 in
1047 3075 1212 3132 cancellaria
1225 3081 1321 3129 nostra
1336 3083 1503 3130 retornatam
1519 3074 1555 3131 sit
1568 3095 1644 3132 com-

439 3183 548 3249 pertum
570 3173 645 3248 quod
665 3173 797 3232 Johanna
824 3171 935 3229 domina
955 3171 989 3228 de
1011 3169 1137 3237 Bardolf,
1158 3169 1299 3236 defuncta,
1320 3167 1410 3225 tenuit
1430 3169 1503 3226 inter
1523 3169 1578 3227 alia
1600 3169 1644 3228 die

440 3287 498 3344 quo
511 3265 579 3324 obiit
592 3267 621 3322 in
636 3267 758 3324 dominio
772 3287 823 3324 suo
837 3276 869 3324 ut
887 3266 921 3322 de
939 3265 1022 3323 feodo
1042 3265 1158 3332 talliato,
1178 3264 1315 3333 videlicet,
1337 3265 1389 3321 sibi
1403 3273 1431 3322 et
1444 3263 1591 3323 heredibus
1611 3267 1644 3323 de

440 3381 556 3438 corpore
571 3383 621 3420 sno
635 3363 712 3421 etde
732 3381 846 3438 corpore
860 3363 995 3421 Willelmi
1017 3363 1135 3439 Phelipp
1156 3362 1262 3430 militis,
1283 3381 1373 3439 nuper
1393 3362 1497 3420 domini
1518 3363 1553 3422 de
1574 3363 1644 3421 Bar-

441 3460 510 3528 dolf,
528 3479 618 3536 nuper
631 3461 683 3518 viri
698 3462 741 3518 sui
754 3461 886 3531 defuncti,
901 3462 1052 3539 procreatis
1066 3461 1200 3518 honorem
1214 3472 1242 3518 et
1255 3461 1409 3518 manerium
1423 3460 1458 3518 de
1473 3461 1644 3540 Wyrmegey

442 3567 472 3615 et
486 3558 657 3615 maneriade
672 3558 765 3618 stowe
784 3559 909 3630 Bardolf,
935 3559 1028 3617 North
1052 3559 1197 3634 Rungton,
1223 3566 1252 3614 et
1278 3557 1426 3616 Faresweil
1450 3559 1480 3616 in
1501 3558 1646 3626 Fincham,

443 3657 692 3732 compertinentiis
713 3659 769 3715 suis
790 3659 819 3715 in
840 3658 973 3716 comitatu
995 3657 1119 3733 predicto
1142 3675 1176 3713 ex
1201 3655 1378 3713 concessione
1392 3664 1496 3724 nostra,
1519 3666 1548 3713 et
1569 3656 1645 3733 quod

442 3753 532 3812 honor
545 3762 575 3812 et
587 3757 740 3813 manerium
754 3756 878 3834 predicta
899 3757 933 3812 de
953 3756 1033 3812 nobis
1054 3756 1084 3811 in
1105 3755 1195 3830 capite
1219 3763 1357 3822 tenentur,
1379 3763 1408 3811 et
1428 3754 1493 3830 quia
1507 3754 1535 3809 in
1556 3753 1647 3830 inqui-

443 3850 541 3909 sitione
561 3854 686 3929 predicta
707 3874 755 3931 per
775 3855 850 3930 quod
872 3854 1019 3912 servicium
1044 3853 1135 3909 honor
1154 3861 1184 3908 et
1197 3853 1352 3910 manerium
1371 3852 1496 3928 predicta
1516 3859 1646 3908 tenentur

442 3949 555 4006 minime
565 3952 746 4027 specificatur,
757 3953 807 4010 tibi
816 3953 984 4029 precipimus
993 3949 1068 4026 quod
1079 3970 1127 4026 per
1136 3957 1308 4006 sacramenta
1317 3949 1466 4024 proborum
1476 3958 1505 4005 et
1515 3947 1646 4024 legalium

442 4045 586 4104 hominum
598 4047 632 4106 do
645 4048 748 4107 balliva
762 4059 818 4118 tua,
829 4069 878 4125 por
887 4069 958 4124 quos
970 4049 1009 4105 rei
1020 4048 1120 4104 veritas
1132 4047 1230 4103 meiius
1246 4047 1309 4102 sciri
1324 4046 1434 4122 poterit,
1446 4047 1505 4102 sinc
1515 4045 1647 4102 dilutione
