3856 5038
820 629 998 674 rnnsacs.
1412 613 1499 678 cxlix

299 779 403 837 veritas
423 778 504 837 etatis
524 777 647 856 predicte
666 779 768 839 melius
789 782 860 839 scire
883 781 987 858 poterit
1009 790 1039 839 et
1062 782 1174 858 inquiri,
1195 784 1297 859 capias.
1339 781 1379 841 Et
1397 784 1499 859 probs·

298 878 403 936 tionem
416 876 495 934 illurn
508 877 548 934 sic
561 885 671 954 captam
684 879 765 936 nobis
778 880 808 936 in
821 879 987 937 cancellaria
1007 887 1104 936 nostra
1117 880 1169 936 sub
1191 879 1282 955 sigillo
1295 887 1345 937 tuo
1358 889 1388 937 et
1400 881 1499 956 sigillis
1615 875 1621 884 ’

297 991 396 1030 eorum
410 991 459 1050 per
480 991 551 1049 qnos
564 973 640 1031 facts
660 973 714 1030 iuit
734 974 794 1032 sine
815 974 948 1031 dilatione
967 976 1063 1032 mittas
1086 982 1115 1030 et
1138 973 1192 1032 hoc
1210 975 1305 1031 breve.
1347 974 1433 1034 Teste
1454 996 1499 1033 me

296 1067 361 1143 ipso
374 1066 451 1144 apud
463 1068 756 1138 westmonasterium,
770 1071 819 1127 xx⁰
832 1069 877 1126 die
892 1069 966 1128 Maii
978 1089 1053 1127 anno
1066 1070 1147 1146 regni
1156 1071 1245 1127 nostri
1259 1069 1376 1129 decimo.
1410 1069 1498 1150 (soth

298 1161 380 1241 Moy,
397 1161 517 1240 1409).”

338 1260 519 1329 “Hem-icus,
537 1262 587 1318 dc.
628 1263 704 1327 Quia
716 1261 877 1320 Willelmus
892 1261 1020 1331 clifford,
1043 1261 1182 1330 chernlcr,
1205 1265 1253 1340 qui
1269 1265 1393 1333 Annam,
1413 1283 1498 1324 unam

297 1351 346 1436 (nt
359 1375 452 1432 supra,
466 1357 580 1414 mutetis
593 1354 760 1437 mutandis.)
802 1358 898 1426 Teste,
911 1365 945 1414 ut
958 1358 1067 1436 snprc.”

338 1453 479 1513 Pursuant
492 1463 523 1512 to
532 1453 611 1513 these
621 1457 698 1514 writs
710 1457 807 1533 procis
821 1459 855 1516 of
865 1458 913 1516 the
923 1477 977 1536 age
987 1458 1021 1516 of
1030 1457 1110 1515 these
1120 1465 1176 1515 two
1187 1456 1349 1533 daughters,
1360 1457 1394 1515 of
1404 1457 1497 1516 whom

297 1551 383 1607 Anne
392 1569 449 1608 uss
463 1549 512 1608 tbe
526 1551 624 1620 eldest,
634 1571 707 1611 were
721 1553 857 1632 severally
867 1554 953 1612 taken
965 1562 995 1612 at
1007 1553 1183 1632 Coningsby,
1194 1571 1231 1610 nn
1245 1553 1388 1630 adjoining
1402 1555 1496 1629 parish

294 1653 325 1702 tc
341 1645 522 1716 Tattersball,
535 1647 566 1704 in
579 1647 636 1705 this
648 1650 733 1716 form,
747 1669 778 1706 as
799 1650 823 1707 is
844 1659 887 1707 set
895 1649 973 1708 forth
991 1649 1021 1706 in
1034 1647 1082 1706 the
1095 1647 1209 1706 records
1222 1648 1356 1706 returned
1376 1649 1435 1706 into
1448 1650 1497 1708 the

297 1741 454 1820 Cbsncery.

337 1846 355 1874 “
366 1839 503 1896 Probncio
516 1839 598 1896 etatis
613 1841 698 1897 Anne
719 1842 802 1898 unius
822 1842 942 1900 filiarum
955 1850 985 1900 et
997 1841 1132 1900 heredum
1148 1841 1265 1910 Thome,
1280 1861 1368 1920 nuper
1379 1842 1496 1902 Domini

295 1933 330 1992 de
345 1935 467 1993 Bardoli
484 1936 619 2004 defuncti,
633 1939 681 2013 qui
695 1937 730 1996 de
745 1937 825 2015 Rege
839 1939 929 1996 tenuit
941 1939 971 1995 in
985 1939 1085 2014 capite,
1100 1957 1183 2014 quem
1192 1938 1353 1996 Willelmus
1368 1938 1495 2010 Clid'ord,

294 2029 433 2101 chevaler,
455 2033 535 2090 duxit
555 2035 584 2091 in
604 2053 729 2102 uxorem,
751 2045 833 2112 capta
853 2035 928 2112 apud
949 2036 1139 2114 Conyngesby
1152 2036 1182 2092 in
1201 2035 1335 2093 comitatu
1349 2035 1495 2096 Liccolnie

295 2128 339 2186 die
352 2131 462 2188 veneris
475 2132 602 2209 proximo
615 2141 679 2209 post
693 2133 798 2190 festum
813 2134 947 2211 Corporis
963 2133 1069 2194 Christi
1083 2153 1158 2192 anno
1179 2133 1257 2210 regni
1273 2132 1360 2210 Regis
1376 2133 1495 2194 Heurici

294 2227 387 2304 quarti
407 2227 515 2286 decimo
536 2229 570 2308 (7
585 2229 670 2297 June,
689 2231 793 2308 1409),
813 2250 909 2288 cortun
927 2231 1058 2290 Jobanne
1078 2231 1200 2306 Henege
1215 2230 1367 2288 Esccetore
1388 2231 1495 2289 domini

295 2322 383 2400 Regis
396 2325 425 2380 in
439 2326 573 2383 comitutu
586 2326 719 2402 predicto,
731 2329 834 2386 virtute
848 2329 941 2386 brevis
952 2328 1019 2386 dicti
1032 2328 1140 2386 domini
1156 2327 1244 2403 Regis
1257 2327 1347 2386 eidem
1360 2330 1494 2386 escaetori

294 2419 392 2478 directi
412 2429 441 2478 et
461 2421 528 2478 huic
548 2422 707 2497 probationi
730 2423 849 2493 consuti,
869 2443 921 2500 per
942 2432 1147 2482 sacramentum
1167 2423 1313 2482 duodecim
1333 2424 1494 2500 juratorum

293 2518 514 2594 subscriptorum
541 2527 570 2575 et
598 2537 681 2595 super
704 2527 807 2578 etatem
835 2520 943 2598 prefate
971 2523 1056 2578 Anne
1083 2521 1323 2588 examinatorum,
1354 2520 1493 2588 videlicet,

294 2615 402 2692 Rogeri
424 2614 526 2685 Kellis,
540 2617 623 2674 statis
641 2617 670 2674 lx
683 2637 829 2686 annorum,
851 2637 903 2694 pro
917 2638 947 2676 se
966 2619 1000 2676 de
1020 2627 1094 2678 etate
1114 2619 1222 2696 prefate
1237 2621 1322 2677 Anno
1335 2619 1493 2687 examinati,

292 2712 340 2788 qni
354 2712 424 2769 dicit
437 2712 513 2787 quod
526 2713 635 2789 prefata
646 2714 733 2771 Anna
742 2723 786 2772 est
798 2716 880 2773 etntis
894 2716 941 2772 ιιι
953 2695 1091 2773 annorum
1111 2724 1140 2772 et
1158 2715 1287 2791 amplius.
1329 2714 1492 2792 Requisitus

292 2809 412 2885 qualiter
425 2809 479 2866 boc
493 2809 554 2876 scit,
569 2808 726 2883 dicitquod
739 2809 835 2867 eadem
851 2811 937 2867 Anno
953 2818 1021 2867 nntn
1033 2809 1088 2867 fuit
1103 2810 1133 2865 in
1148 2818 1240 2867 castro
1253 2810 1288 2867 de
1303 2810 1448 2869 Tatersnle
1462 2813 1492 2869 in

291 2907 424 2963 comitatu
444 2904 569 2981 predicto
590 2913 619 2961 et
639 2905 668 2960 in
689 2905 805 2963 ecclesis
822 2903 975 2980 parochiali
989 2903 1115 2979 ejusdcm
1128 2903 1194 2961 ville
1216 2905 1356 2980 baptisate
1376 2906 1492 2964 infesto

291 3002 444 3060 nativitatis
459 3003 549 3058 sancti
564 2999 702 3061 Jobannis
716 3000 843 3076 Bnptiste
856 3018 930 3056 anno
950 3000 1029 3074 regni
1044 2999 1148 3056 domini
1163 2999 1286 3066 Riccrdi,
1300 3019 1388 3075 nuper
1404 3001 1491 3077 Regis

292 3097 398 3174 Anglic
411 3098 485 3165 xiii⁰;
506 3117 562 3174 quo
584 3098 630 3155 die
650 3097 725 3154 idem
740 3096 869 3172 Rogerus
889 3095 992 3152 ibidem
1012 3113 1125 3172 presens
1145 3096 1200 3154 fuit
1219 3104 1248 3153 et
1260 3095 1331 3153 vidit
1350 3096 1491 3172 quendum

289 3192 397 3250 fontem
411 3194 445 3252 ds
459 3214 533 3252 novo
546 3194 653 3253 factum
666 3194 695 3250 in
708 3192 783 3251 dicte
796 3191 920 3260 ecclesie,
935 3193 965 3248 in
979 3210 1035 3266 qno
1048 3190 1127 3248 fonte
1140 3190 1215 3248 dictu
1229 3191 1316 3248 Anna
1328 3198 1389 3248 erat
1401 3191 1491 3266 prima

291 3307 410 3364 persons
424 3309 480 3366 que
502 3292 698 3367 baptizabatur
711 3299 859 3368 postquam
873 3289 914 3347 sic
927 3289 962 3346 de
975 3307 1049 3346 novo
1062 3289 1155 3346 factus
1171 3288 1235 3357 fuit,
1250 3296 1282 3345 ut
1296 3287 1449 3355 dicebatur,
1462 3297 1492 3346 et

290 3384 331 3442 sic
352 3383 386 3442 de
407 3392 482 3443 etate
501 3387 624 3462 predicte
640 3389 724 3444 Anne
744 3388 815 3444 bene
836 3385 935 3444 recolit
956 3395 984 3442 et
1004 3385 1161 3462 cognoscit.
1202 3384 1339 3443 Willelmi
1353 3384 1490 3451 Taillour,

290 3480 374 3539 etatis
387 3481 417 3538 ιι
431 3499 577 3551 uncorum,
589 3491 621 3538 nt
634 3483 804 3559 premittitur
817 3482 975 3549 examinati,
990 3482 1038 3557 qni
1052 3480 1119 3538 dicit
1132 3479 1209 3556 qnod
1222 3479 1333 3556 prefate.
1347 3481 1434 3538 Anna
1447 3491 1491 3540 est

288 3581 370 3638 etatis
384 3580 431 3636 ιιι
444 3597 582 3636 annorum
595 3587 624 3636 et
636 3579 765 3655 amplius.
807 3578 972 3654 Reqnisitus
986 3576 1106 3654 qualiter
1119 3577 1173 3635 hoc
1188 3578 1249 3646 scit,
1263 3577 1418 3654 dicitquod
1431 3580 1491 3654 ipse

288 3675 364 3734 dicto
375 3675 419 3734 die
432 3675 586 3733 nativitatis
601 3683 631 3733 et
639 3675 840 3751 baptizacionis
853 3674 977 3751 predicte
992 3675 1077 3732 Anne
1086 3673 1142 3732 fuit
1154 3675 1183 3731 in
1196 3674 1312 3732 ecclesia
1326 3675 1451 3752 predicta
1461 3686 1491 3734 et

287 3773 379 3832 tenuit
393 3771 532 3849 quendam
546 3791 657 3831 cereum
667 3781 792 3850 tempore
805 3771 928 3849 predicte
941 3771 1152 3847 baptizscionis,
1163 3791 1197 3830 ao
1209 3773 1293 3830 etiam
1307 3772 1376 3830 fecit
1387 3781 1489 3840 vestes,

288 3871 390 3946 quibus
400 3871 510 3938 Aricia,
520 3877 610 3928 meter
619 3870 692 3928 dicte
703 3869 795 3938 Anne,
803 3875 864 3926 erat
874 3866 1019 3944 purificata
1028 3875 1057 3924 et
1066 3867 1106 3924 sic
1116 3868 1187 3925 bene
1197 3867 1296 3926 recolit
1305 3875 1335 3924 et
1343 3869 1489 3944 cognoscit

287 3966 324 4023 de
344 3973 418 4023 etate
431 3965 539 4042 prefate
554 3966 650 4026 Anne.
701 3964 839 4023 Willelmi
851 3963 886 4022 de
901 3963 1004 4043 Kyme,
1025 3963 1108 4022 etatis
1121 3963 1132 4020 l
1145 3983 1285 4022 annorum
1306 3972 1336 4021 et
1358 3963 1487 4040 amplius,

287 4061 427 4121 Johannis
442 4062 594 4139 Hugbson,
616 4063 697 4121 etatis
710 4062 722 4119 l
735 4081 874 4121 annorum
892 4071 922 4119 et
939 4061 1067 4137 amplius,
1089 4080 1141 4138 pro
1155 4081 1185 4120 ss
1207 4061 1365 4138 separatim,
1379 4069 1411 4117 ut
1425 4079 1489 4136 prc-

287 4159 415 4228 mittitur,
425 4161 655 4228 examinatorum,
665 4160 713 4236 qui
725 4160 822 4218 dicurrt
833 4159 909 4236 quod
919 4159 1042 4235 predicto
1053 4160 1139 4217 Anna
1149 4169 1192 4216 cst
1202 4159 1285 4217 etntis
1294 4159 1339 4216 ιιι
1350 4175 1489 4217 annorum
