3898 5022
771 539 948 585 suessos.
1407 507 1477 577 'clii

280 687 439 757 Swaffheru,
460 707 531 745 com.
546 686 646 757 Norff,
661 687 692 746 es
706 699 735 746 to
748 699 804 748 two
817 689 903 768 perte,
916 693 961 749 for
975 692 1112 750 thesemo
1129 701 1209 756 terro,
1227 689 1286 746 st'e
1299 695 1362 744 rent
1375 687 1408 742 of
1425 703 1477 740 one

279 785 372 861 pound
393 786 536 864 aunuuily,
558 787 591 843 of
608 785 698 845 which
713 789 763 846 tho
776 789 852 846 third
871 800 935 866 pert
947 809 1003 847 wss
1023 790 1089 846 held
1109 789 1138 845 iu
1156 789 1247 846 doner
1266 788 1305 864 by
1319 786 1478 858 Jaoquette,

279 885 336 943 iste
350 881 413 942 wife
427 883 460 940 of
470 882 518 940 the
531 882 614 940 uncle
628 884 661 941 of
670 884 719 942 the
734 885 821 962 Kiug‚
835 886 913 943 John
928 883 1013 944 Dulre
1027 887 1061 944 of
1073 883 1205 943 Bedfo'rd.
1246 883 1294 941 On
1308 880 1356 938 the
1369 879 1435 936 Roli
1449 875 1482 934 oi*

280 981 391 1038 Letters
406 980 508 1038 Patent
520 981 554 1037 of
563 979 612 1038 the
625 999 701 1038 seme
714 1001 790 1059 year,
805 1002 846 1040 wc
867 982 933 1040 reed
951 981 983 1040 es'
1002 983 1111 1040 follows
1119 989 1186 1039 :—“
1198 982 1268 1048 Rex,
1283 983 1339 1036 &c
1353 975 1480 1034 salutem.

282 1077 382 1135 Sciatis
401 1076 477 1152 quod
495 1097 546 1153 pro
566 1078 640 1135 bono
660 1087 689 1135 et
708 1079 831 1154 gratuito
850 1079 967 1136 servicio
990 1079 1066 1156 quod
1086 1079 1203 1136 dilectus
1224 1087 1252 1134 et
1272 1059 1361 1132 fidelis
1385 1077 1480 1129 noster

281 1174 440 1231 Wiilelmus
469 1172 597 1251 Phelipp,
619 1177 787 1232 cemerurius
818 1184 923 1242 noster,
957 1177 1038 1234 nobis
1065 1175 1201 1252 impendit
1227 1183 1257 1232 et
1282 1169 1424 1248 impendet
1451 1167 1480 1224 in

280 1269 406 1328 futurum
420 1272 607 1328 concessimus
620 1271 646 1328 ei
660 1271 800 1347 quoddam
815 1281 1011 1341 tenementum,
1024 1282 1154 1330 nocetum
1175 1271 1217 1329 Le
1232 1270 1318 1328 Newe
1332 1267 1395 1334 lun,
1416 1281 1480 1321 curn

281 1368 462 1444 pertinentiis,
477 1370 506 1425 in
526 1368 657 1444 perochie
670 1371 759 1426 suncti
774 1369 918 1427 Benedicti
932 1371 960 1426 in
983 1369 1116 1427 Themiso
1139 1369 1239 1436 Street,
1253 1365 1327 1423 infre
1340 1363 1481 1421 civitatem

281 1475 405 1523 nostram
425 1465 642 1534 Londonisrum‚
666 1467 742 1543 quod
762 1467 874 1544 quidem
891 1477 1081 1526 tenementum
1098 1467 1134 1524 ed
1151 1485 1252 1523 manus
1265 1464 1310 1520 evi
1323 1461 1412 1518 nostri
1429 1463 1482 1534 'per

281 1563 492 1621 forisfacturam
513 1565 653 1622 Johennis
672 1563 823 1640 Montagu,
837 1564 946 1622 comitis
962 1565 1073 1632 Serum,
1091 1557 1203 1620 devenit
1216 1571 1244 1619 et
1257 1569 1397 1618 escsetum
1410 1557 1483 1622 fuit3

283 1669 312 1717 et
333 1659 409 1735 quod
434 1653 559 1717 Theman
583 1655 759 1734 Erpinghem
782 1658 910 1716 cheveicr
934 1659 1083 1716 defunctus
1104 1677 1155 1734 pro
1176 1659 1296 1715 termino
1319 1655 1425 1712 'vitesue
1449 1663 1482 1710 eir

284 1755 461 1813 concessione
475 1754 541 1810 dicti
555 1754 600 1811 eri
613 1753 703 1810 nostri
716 1754 815 1811 hebuit
831 1765 859 1812 et
877 1756 975 1820 tenuit,
984 1751 1145 1812 habendurn'
1156 1763 1185 1811 et
1205 1753 1357 1812 tenendum
1378 1751 1483 1808 dictrrm

283 1845 472 1909 tenementum
487 1864 550 1906 curn
565 1849 737 1926 pertinentiis
751 1849 858 1925 prefato
872 1850 1016 1908 Wiileimo
1029 1861 1058 1908 et
1071 1851 1218 1926 assignetis
1232 1851 1290 1907 suis
1303 1869 1354 1926 pro
1367 1848 1486 1905 termino

286 1947 343 2003 vite
364 1963 413 2002 sue
436 1947 560 2020 quietum
578 1945 614 2002 sb
637 1944 731 2021 sliquo
752 1945 834 2002 nobis
852 1944 1001 2010 reddendo,
1027 1949 1079 2004 dcc.
1123 1946 1208 2004 Teste
1230 1944 1309 2020 Rege
1329 1943 1403 2021 apud
1426 1961 1486 2002 me·

285 2044 395 2100 nerium
408 2042 442 2100 de
457 2039 551 2102 Shene
564 2041 695 2100 vicesimo
708 2042 798 2118 primo
811 2042 856 2100 die
870 2042 1033 2100 Octobris*

319 2213 334 2243 ⁹
352 2216 472 2264 Pumusnt
482 2222 508 2264 to
518 2232 533 2264 s
543 2217 597 2264 writ
606 2218 732 2266 sddressed
744 2225 768 2266 to
780 2217 864 2280 Henry
876 2219 976 2277 Rsrtcn,
988 2233 1070 2280 msyor
1079 2221 1106 2268 ot
1114 2221 1156 2268 the
1166 2221 1213 2280 city
1225 2220 1251 2266 ot
1261 2219 1370 2276 hodon,
1386 2218 1435 2264 sud
1447 2218 1488 2263 the

285 2299 370 2359 King's
380 2298 501 2345 escheetor
511 2299 536 2344 in
547 2300 588 2346 the
598 2315 670 2357 ssms,
682 2301 740 2348 with
751 2301 792 2347 the
803 2302 889 2361 King's
899 2308 958 2348 teste
968 2307 993 2348 st
1006 2301 1178 2356 Westminster,
1196 2301 1232 2346 lst
1244 2300 1315 2356 Non,
1327 2297 1341 2349 7
1355 2299 1419 2345 Heu.
1434 2299 1489 2354 v1.,

287 2380 359 2438 1428,
376 2381 417 2426 the
433 2380 554 2441 following
569 2382 707 2440 inquisition
723 2397 770 2428 wes
785 2383 857 2429 tehen
875 2384 1007 2444 respecting
1022 2384 1063 2430 the
1078 2389 1162 2430 tenure
1177 2381 1203 2428 oi
1218 2381 1257 2427 Sir
1273 2381 1375 2426 ihomas
1386 2380 1489 2440 Erping·

286 2464 342 2510 hem
354 2461 380 2508 oi
394 2461 441 2508 this
453 2475 581 2522 messusge,
599 2463 624 2507 in
643 2463 684 2509 the
700 2463 748 2522 city
758 2463 785 2510 oi
793 2463 904 2522 london,
921 2462 964 2510 eu
975 2465 1020 2524 dey
1031 2463 1057 2511 oi
1072 2465 1184 2521 October,
1202 2463 1216 2510 8
1229 2463 1292 2509 Hen.
1305 2461 1357 2519 vl,
1369 2460 1441 2517 1429,
1458 2463 1489 2520 by

285 2545 327 2592 the
338 2543 393 2590 ooth
404 2545 431 2590 oi
439 2544 523 2589 twelvs
531 2545 618 2603 iurem,
629 2544 713 2590 honest
723 2545 771 2590 end
783 2545 920 2605 iswworthy
927 2561 982 2592 men
990 2545 1017 2592 oi
1024 2545 1066 2592 the
1077 2546 1128 2591 ssid
1139 2546 1186 2604 city
1196 2547 1252 2591 :·-“
1265 2543 1312 2599 Qui
1324 2543 1408 2588 dicunt
1419 2555 1490 2602 super

285 2631 459 2674 mentum
469 2638 540 2670 suum
551 2625 616 2684 quod
627 2624 729 2672 Thomu
745 2625 899 2687 Erpynghsm
914 2628 940 2672 in
958 2627 1023 2673 dicto
1038 2627 1103 2673 brevi
1115 2627 1251 2672 nominetus
1261 2624 1340 2671 tenuit
1351 2624 1381 2669 de
1392 2623 1490 2669 domino

287 2708 352 2768 Rege
363 2707 403 2752 die
413 2721 461 2765 quo
472 2705 536 2752 idem
547 2704 649 2752 Thomss
662 2706 816 2766 Erpynghsm
829 2708 889 2753 obiit
899 2721 976 2753 nuum
992 2707 1125 2766 hospicium
1136 2721 1192 2752 oum
1203 2720 1252 2750 uns
1262 2705 1336 2764 sbope
1346 2704 1424 2750 eidem
1436 2704 1489 2749 hos·

286 2789 348 2848 picio
359 2801 453 2832 ennexs
464 2792 487 2832 et
497 2785 550 2831 eliis
560 2785 709 2845 pertinentiis
720 2786 834 2832 situstum
846 2787 871 2831 in
883 2787 994 2845 perochis
1008 2786 1090 2832 Ssncti
1104 2786 1227 2832 Benedicti
1243 2785 1269 2830 in
1280 2785 1382 2842 Tbsmys
1399 2784 1486 2840 Strete,

286 2870 417 2916 incivitate
431 2867 522 2913 domini
534 2866 605 2926 Regis
620 2866 730 2925 predicti,
748 2867 812 2924 quod
829 2867 927 2926 quidem
942 2867 1074 2926 hospicium
1091 2881 1146 2912 curn
1157 2865 1231 2924 shope
1242 2871 1266 2910 ct
1276 2865 1328 2910 eliis
1339 2865 1487 2923 pertinentiis

286 2951 334 2996 suis
346 2950 424 2995 dictus
435 2947 536 2993 Thomas
547 2947 632 2993 hebuit
643 2947 673 2992 de
685 2947 748 2992 dono
759 2947 850 2992 domini
862 2943 962 2992 He'nrici
974 2961 1052 3005 nuper
1066 2947 1137 3006 Regis
1148 2946 1244 3004 Anglie,
1260 2946 1298 2990 evi
1314 2945 1404 2989 domini
1416 2943 1488 3002 Regis

287 3043 360 3086 nunc,
368 3028 400 3074 sd
409 3027 539 3074 terminum
547 3028 595 3072 rite
606 3027 679 3086 ipsius
687 3025 777 3072 ihome
784 3025 946 3086 Erpynghsm,
954 3032 978 3071 et
984 3025 1049 3085 quod
1061 3025 1125 3071 idem
1135 3024 1264 3083 hospitium
1271 3037 1327 3070 cum
1337 3024 1488 3084 pertinentiis

286 3107 348 3154 vsiet
366 3120 409 3167 per
423 3120 514 3152 sunum
531 3105 594 3152 ultre
610 3106 718 3166 reprime,
736 3105 893 3161 silocsretur,
906 3105 962 3162 irs,
977 3113 1002 3151 et
1018 3105 1083 3151 diets
1096 3105 1170 3164 sbops
1186 3103 1248 3150 velet
1263 3117 1410 3164 personum
1423 3103 1487 3152 ultre

287 3187 387 3246 reprises
397 3187 443 3232 vis.
455 3186 527 3233 riiid.
561 3187 653 3232 Dicunt
663 3191 742 3232 temen
754 3186 826 3232 iidem
841 3187 959 3246 Jurstores
971 3185 1036 3244 quod
1048 3185 1139 3230 dictum
1155 3183 1288 3243 hospicium
1300 3197 1356 3235 oum
1367 3183 1487 3244 pertinen·

286 3269 326 3316 tiis
337 3268 401 3314 stetit
412 3281 514 3314 vscuum
525 3282 540 3314 s
550 3274 635 3327 querto
649 3269 688 3314 dis
703 3267 718 3313 J
720 3267 763 3313 ulii
774 3283 838 3314 enno
852 3268 919 3328 regni
933 3266 1023 3312 domini
1041 3266 1112 3326 Regis
1126 3280 1191 3312 nuno
1207 3271 1283 3322 sesto,
1299 3279 1347 3330 quo
1358 3266 1398 3312 die
1409 3267 1490 3314 dictus

288 3350 390 3395 Thomas
400 3347 459 3392 obiit
470 3362 546 3406 usque
556 3349 587 3392 sd
598 3348 685 3394 testum
696 3349 832 3395 Netiritstis
842 3349 917 3394 senoti
932 3348 948 3393 J
950 3348 1050 3394 obsnnis
1062 3348 1168 3407 Bsptiste
1185 3353 1243 3396 tuno
1254 3347 1363 3407 proximo
1378 3361 1488 3406 sequens,

289 3431 320 3477 sd
332 3429 397 3489 quod
414 3427 500 3472 testum
512 3427 647 3473 Willeimus
664 3428 772 3488 Phelipp,
784 3429 895 3485 chivsler,
907 3427 999 3474 dictum
1012 3428 1145 3488 hospicium
1162 3442 1217 3474 cum
1233 3429 1308 3488 shops
1322 3435 1345 3474 et
1356 3428 1408 3473 eliis
1417 3429 1488 3488 perti·

289 3507 376 3556 uentiis
387 3505 484 3553 introvit
494 3513 518 3551 et
528 3505 651 3564 occupevit
665 3511 689 3551 et
703 3506 783 3552 sdhuo
791 3515 900 3566 occupet,
911 3522 939 3552 eo
955 3507 1020 3566 quod
1032 3508 1096 3554 idem
1108 3507 1244 3556 Wiiisimus
1258 3507 1360 3567 Phelipp
1371 3507 1455 3556 hebuit
1466 3516 1490 3556 et

288 3592 361 3637 hebet
371 3589 463 3636 dictum
474 3586 606 3646 hospicium
617 3600 673 3632 cum
690 3587 763 3647 shops
773 3594 798 3634 st
816 3589 868 3634 siiis
882 3587 1031 3648 pertinentiis
1044 3589 1092 3640 suis
1109 3603 1153 3648 per
1166 3589 1256 3635 litteren
1269 3596 1376 3648 petentes
1393 3590 1490 3636 Domini

290 3673 362 3734 Regis
372 3683 437 3716 nunc
450 3685 457 3724 ς
477 3668 519 3714 sed
531 3681 602 3726 quern
612 3655 700 3712 stetum
712 3666 768 3712 inde
779 3667 850 3714 hebet
865 3669 984 3728 juratores
995 3669 1095 3728 predicti
1106 3659 1202 3729 penitus
1212 3671 1330 3730 ignorent.
1365 3670 1396 3716 Et
1407 3672 1492 3718 dicunt

290 3755 354 3816 quod
366 3753 458 3798 dictum
468 3749 600 3809 hospicium
610 3763 666 3795 cnm
677 3749 826 3809 pertinentiis
840 3751 888 3796 suis
903 3756 998 3796 tenetur
1012 3751 1043 3796 de
1060 3751 1158 3797 domino
1176 3751 1240 3811 Rege
1255 3751 1280 3796 in
1292 3751 1366 3796 libero
1377 3752 1493 3813 burgagio

289 3838 351 3882 sicut
362 3839 411 3880 tots
422 3833 504 3878 civitas
520 3829 698 3877 londoniensem
716 3835 830 3888 tenetur;
845 3832 886 3878 sed
905 3846 949 3891 per
965 3832 1031 3891 quod
1048 3832 1173 3878 servicium
1190 3831 1249 3878 dicti
1262 3834 1381 3892 juratores
1398 3835 1494 3892 penitus

290 3917 410 3978 ignorent.
444 3913 535 3960 Dicunt
553 3913 653 3958 ulterius
675 3913 747 3958 iideru
765 3915 884 3974 juratores
904 3914 969 3972 quod
992 3927 1040 3959 nou
1063 3919 1097 3959 est
1114 3913 1201 3972 sliquis
1222 3913 1290 3958 heres
1311 3914 1384 3972 ipsius
1403 3909 1494 3960 Thorns

292 3997 463 4059 Erpynghsm
481 4009 526 4040 neo
548 3994 612 4040 idern
631 3993 733 4041 Thomu
753 3995 906 4055 Erpynghem
929 3995 999 4055 piurs
1017 4001 1092 4041 tense
1110 4008 1152 4040 seu
1172 3999 1307 4040 tenemento
1326 3988 1410 4040 hebuit
1431 3991 1494 4038 inirs'

290 4080 423 4126 libertatem
440 4077 541 4122 ciritstis
558 4076 665 4136 predicte
684 4077 748 4126 dioto
760 4077 798 4126 die
816 4091 865 4137 quo
884 4077 952 4132 obiit,
973 4082 1043 4136 prout
1060 4075 1173 4136 predictis
1186 4075 1333 4134 juratoribus
1348 4075 1379 4118 sd
1399 4080 1496 4142 present

332 4177 446 4222 cnun.
463 4176 537 4224 soc.
902 4178 923 4238 y
