3898 5022
853 504 1030 548 renasca.
1426 482 1538 547 ccxxxi

340 671 417 711 acres
431 655 465 712 of
480 656 605 713 meadow
619 657 647 713 in
661 655 712 713 her
726 656 856 714 demesne
870 676 902 714 as
917 657 950 714 of
966 657 1011 714 see
1025 657 1053 712 in
1067 655 1116 712 the
1129 664 1202 712 town
1218 654 1251 713 of
1261 653 1413 722 Ieicester‚
1427 654 1494 713 held
1507 656 1542 712 of

338 747 387 806 the
409 751 478 827 king
501 771 532 808 as
546 753 579 808 of
596 752 640 810 his
654 751 748 830 ducby
762 753 795 809 of
806 751 970 820 Iancaster,
990 752 1097 810 andos
1117 751 1166 808 the
1186 769 1285 808 menor
1299 751 1333 808 of
1352 750 1538 829 Shepesbede,

337 845 403 903 held
424 848 458 905 of
475 849 601 907 William
626 850 790 928 Hastynges
811 849 912 926 linigbt
933 849 989 908 and
1011 849 1044 907 of
1060 849 1138 909 John
1160 848 1316 905 Bourchier
1340 848 1441 925 knight
1464 849 1543 907 asos

334 944 384 1024 ¹the
397 945 475 1020 right
488 945 521 1002 of
539 945 686 1004 Elisabeth
707 947 752 1004 bis
776 946 848 1014 wife,
868 967 899 1004 as
920 946 953 1004 of
969 947 1019 1004 tbe
1032 946 1142 1003 honour
1155 945 1189 1003 of
1200 946 1387 1013 winchester,
1401 954 1432 1004 at
1445 945 1536 1003 which

335 1040 415 1099 dates
430 1041 546 1101 Francis
560 1042 659 1102 Lovell
673 1043 724 1100 ber
738 1063 789 1101 son
803 1063 859 1101 was
874 1043 907 1101 of
923 1044 971 1101 tbe
985 1063 1038 1121 age
1052 1043 1085 1101 of
1102 1043 1198 1101 fifteen
1211 1063 1293 1120 years
1306 1043 1362 1100 and
1375 1061 1464 1102 more.

377 1137 493 1197 Francis
515 1140 653 1199 Viscount
678 1141 785 1208 Lovell,
810 1141 913 1218 during
936 1140 980 1199 bis
1002 1141 1146 1219 minority,
1167 1160 1224 1199 vas
1244 1142 1273 1198 in
1296 1140 1345 1198 the
1366 1141 1486 1217 custody
1506 1140 1542 1198 ot'

335 1234 413 1292 John
434 1236 518 1295 dela
540 1237 617 1306 Pole,
640 1237 725 1295 Duke
750 1239 783 1295 of
801 1238 918 1307 Suffollr,
939 1238 995 1296 and
1020 1239 1053 1295 of
1068 1238 1113 1294 bis
1137 1237 1200 1295 wife
1223 1236 1380 1307 Elisabeth,
1401 1239 1481 1296 sister
1507 1238 1541 1296 of

337 1332 416 1409 King
438 1333 560 1391 Edward
581 1334 629 1392 the
653 1335 771 1404 Fourtb,
793 1355 824 1392 as
848 1356 888 1393 we
911 1336 988 1393 learn
1009 1335 1084 1393 from
1097 1334 1176 1392 these
1197 1335 1293 1392 letters
1307 1343 1412 1411 patent,
1427 1336 1536 1394 headed

335 1428 415 1486 “Pro
429 1429 512 1488 Duce
526 1430 658 1490 Suffolcie
672 1440 701 1489 et
715 1432 882 1490 Ebzabetha
895 1453 982 1490 uxore
995 1433 1057 1509 ejus
1071 1432 1105 1489 ds
1120 1432 1246 1490 custodia
1261 1432 1434 1490 commissa.''

377 1527 469 1584 “Rex
485 1530 614 1586 omnibus
627 1529 663 1586 ad
677 1547 757 1604 quos,
769 1534 819 1588 &a
830 1529 956 1588 salntem.
980 1529 1080 1589 Sciatis
1096 1549 1149 1588 nos
1163 1529 1197 1587 de
1210 1531 1300 1606 gratia
1313 1538 1410 1587 nostra
1423 1530 1535 1606 speciali

335 1639 368 1677 nc
381 1633 508 1682 ex‘certa
522 1627 639 1683 scientia
652 1634 681 1682 et
694 1644 771 1683 mero
791 1635 870 1684 motu
894 1628 997 1684 nostris
1019 1627 1145 1686 dedimus
1166 1635 1195 1684 et
1218 1627 1407 1684 concessimus
1431 1647 1464 1684 ac
1484 1647 1535 1704 per
1654 1677 1658 1683 .

334 1728 476 1793 presentes
490 1722 588 1779 damus
602 1732 630 1779 et
652 1722 829 1780 concedimus
847 1724 989 1781 carissimo
1010 1725 1092 1782 fratri
1109 1732 1206 1782 nostro
1227 1723 1352 1782 Johanni
1377 1723 1453 1781 Dnci
1469 1723 1535 1782 suf-

333 1815 417 1873 folcie
431 1837 463 1875 ac
477 1819 668 1894 precarissime
683 1820 773 1876 sorori
787 1829 881 1878 nostre
896 1820 1060 1878 Ebzabethe
1073 1821 1154 1877 uxori
1171 1839 1220 1877 sue
1240 1819 1395 1878 custodiam
1408 1821 1532 1877 omnium

333 1911 528 1984 dominiorum,
551 1916 747 1984 maneriorum,
771 1925 916 1985 terrarum,
941 1925 1171 1984 tenementornm,
1193 1917 1399 1993 possessionum
1412 1925 1440 1974 et
1454 1915 1533 1974 here-

333 2010 547 2069 ditamentorum
561 2031 624 2068 cum
638 2013 818 2089 pertinentiis,
840 2031 894 2089 que
914 2031 1003 2088 nuper
1022 2011 1137 2068 fuerunt
1150 2010 1288 2070 Johannis
1303 2009 1403 2068 Lovell
1426 2011 1531 2075 militis,

333 2108 438 2165 domini
452 2109 486 2166 de
497 2109 606 2178 Lovell,
621 2109 755 2178 defuncti,
770 2111 818 2188 qui
833 2109 867 2166 (la
887 2109 968 2167 nobis
982 2111 1072 2166 tenuit
1085 2110 1113 2165 in
1127 2110 1219 2186 capite
1233 2127 1283 2185 per
1297 2109 1444 2166 servicium
1457 2109 1532 2166 mili·

332 2212 400 2271 tare,
410 2205 454 2263 die
468 2225 524 2282 qno
538 2207 615 2276 obiit,
625 2215 654 2264 et
667 2215 787 2284 quotam
801 2226 851 2283 per
864 2207 923 2264 sive
933 2214 998 2282 post
1010 2214 1129 2262 mortem
1142 2205 1268 2282 ejusdem
1278 2203 1416 2264 Johannis
1427 2205 1531 2264 domini

331 2300 366 2358 da
388 2299 487 2358 Lorell
511 2300 635 2360 defuncti
655 2322 741 2379 quam
763 2303 871 2361 ratione
894 2303 1010 2359 minoris
1032 2302 1114 2359 etatis
1136 2302 1278 2360 Francisci
1300 2301 1410 2370 Lovell,
1431 2302 1482 2360 filii
1501 2312 1531 2361 et

331 2397 440 2456 heredis
459 2399 583 2476 ejusdem
597 2400 745 2470 Johannis,
767 2401 874 2458 domini
888 2400 922 2458 de
936 2399 1049 2470 Lovell,
1070 2400 1106 2457 ad
1119 2418 1220 2458 manus
1233 2406 1344 2456 nostras
1359 2398 1529 2457 devenerunt

331 2504 360 2553 et
372 2496 402 2552 in
414 2497 543 2554 manibus
556 2499 659 2554 nostris
680 2517 755 2555 nunc
775 2498 901 2555 existunt
919 2496 1112 2574 quovismodo,
1136 2517 1193 2554 una
1213 2515 1277 2553 cum
1298 2495 1530 2554 advocationibus

329 2591 515 2661 ecclesiarum,
531 2593 708 2669 capellarum,
723 2593 909 2650 cantadmrum
919 2600 947 2649 et
961 2595 1087 2650 omnium
1100 2592 1221 2649 aliorum
1234 2591 1431 2648 beneficiorum
1442 2592 1530 2650 eoele-

329 2689 503 2748 siasticorum
515 2709 763 2767 quorumcumque,
768 2689 859 2747 feodis
867 2689 998 2759 militum,
1003 2690 1096 2756 curiis,
1101 2689 1249 2756 letis,visis
1254 2687 1438 2763 franciplegii,
1443 2690 1530 2758 seriis,

328 2789 466 2858 mercatis,
487 2788 586 2865 parcis,
607 2787 751 2856 warennis,
772 2786 902 2864 proficuis
917 2795 945 2843 et
959 2785 1200 2843 commoditatibus
1213 2785 1345 2862 predictis
1359 2783 1487 2842 dominiis
1501 2795 1530 2842 et

328 2887 457 2944 maneriis
465 2905 498 2943 ac
506 2885 604 2943 ceteris
614 2885 756 2961 premissis
764 2893 793 2942 et
800 2904 897 2942 eorum
902 2883 1014 2941 cuilibet
1019 2881 1259 2959 qualitercumque
1270 2880 1459 2957 spectantibus
1471 2883 1529 2942 sive

328 2982 540 3056 pertinentibus,
565 2999 673 3039 necnon
695 2980 850 3038 custodiam
872 2988 901 3038 et
920 2979 1098 3056 maritagium
1119 2977 1243 3035 eiusdem
1261 2977 1411 3044 Francisci,
1432 2976 1483 3034 filii
1500 2986 1529 3036 et

329 3078 439 3136 heredis
459 3077 741 3156 ejusdem-Johannis
757 3077 865 3148 Lovell,
886 3077 991 3136 domini
1006 3077 1040 3134 de
1053 3075 1162 3146 Lovell,
1176 3076 1281 3152 absque
1295 3075 1527 3152 disparagatione,

329 3173 458 3231 habenda
467 3183 497 3231 et
508 3175 629 3232 tenenda
642 3174 796 3233 custodiam
813 3173 966 3251 predictam
982 3193 1016 3231 ac
1026 3181 1118 3230 cetera
1131 3172 1266 3249 premissa
1279 3191 1344 3229 cum
1354 3171 1526 3248 pertinentiis

326 3291 457 3329 unacum
467 3271 613 3347 maritagio
623 3273 709 3348 ipsius
719 3271 830 3329 heredis
842 3271 946 3329 eisdem
955 3271 976 3329 J
977 3270 1080 3328 ohanni
1090 3279 1119 3328 et
1127 3271 1300 3340 Elisabethe,
1309 3271 1390 3328 fratri
1401 3278 1430 3328 et
1440 3270 1528 3328 sorori

327 3368 439 3436 nostris,
453 3386 470 3424 a
484 3373 608 3442 tempore
625 3367 723 3424 mortis
736 3365 837 3444 prefati
850 3365 988 3424 Johannis
1008 3364 1117 3434 Lovell,
1142 3365 1246 3424 domini
1262 3367 1297 3424 de
1311 3365 1419 3434 Lovell,
1438 3385 1527 3442 usqne

325 3465 362 3523 ad
378 3464 488 3540 plenam
506 3469 610 3519 etatem
628 3461 693 3518 dicti
716 3462 857 3520 Francisci
875 3461 925 3518 filii
944 3469 973 3518 et
992 3461 1111 3530 heredis,
1130 3462 1263 3538 quamdiu
1281 3461 1408 3521 custodia
1425 3461 1474 3519 illa
1497 3462 1526 3518 in

325 3562 454 3620 manibus
467 3561 571 3618 nostris
585 3579 634 3617 seu
647 3557 782 3618 heredum
796 3566 956 3616 nostrorum
969 3577 1030 3616 esse
1045 3559 1209 3636 contigerit3
1228 3567 1258 3617 et
1272 3559 1296 3616 si
1310 3559 1344 3616 de
1352 3558 1455 3616 herede
1468 3558 1526 3625 illo,

325 3667 476 3735 antequam
489 3657 525 3714 ad
539 3657 650 3734 plenam
667 3663 770 3715 etatem
792 3675 872 3714 snam
891 3655 1056 3732 pervenerit,
1077 3654 1238 3713 humanitus
1252 3655 1405 3730 contingat,
1426 3655 1526 3714 herede

325 3776 376 3814 suo
390 3755 464 3814 infra
477 3763 580 3813 etatem
600 3756 746 3825 cantante,
767 3754 843 3831 quod
862 3761 964 3812 extimo
985 3753 1068 3810 iidem
1089 3751 1244 3818 Johannes‚
1264 3752 1354 3810 frater
1374 3759 1476 3819 noster,
1497 3760 1526 3810 et

325 3851 502 3922 Ebaabetha,
523 3871 602 3910 soror
621 3861 728 3921 nostra,
750 3871 800 3909 seu
815 3869 910 3908 eorum
929 3849 1000 3908 alter
1014 3848 1059 3906 vel
1074 3867 1170 3906 eorum
1192 3848 1326 3923 assignati
1339 3847 1462 3906 habeant
1476 3867 1526 3906 seu

324 3945 426 4004 habeat
439 3946 593 4004 custodiam
607 3949 731 4004 omnium
746 3946 933 4023 predictorum
947 3943 1141 4013 dominiorum,
1160 3944 1356 4011 maneriorum,
1377 3951 1524 4010 terrarum,

324 4049 546 4100 tenementorum
559 4053 588 4101 et
601 4051 756 4101 ceterorum
766 4043 963 4119 premissorum
974 4061 1031 4099 una
1040 4060 1105 4097 eum
1114 4039 1262 4115 maritagio
1275 4039 1400 4115 ejusdem
1414 4037 1524 4096 heredis
