3930 5088
546 547 609 606 150
911 559 1070 606 csorrrcs
1093 558 1271 604 neronom
1295 559 1341 604 sn

589 711 733 798 Populus
757 721 877 793 antem,
906 721 1019 778 contra
1042 711 1107 778 hoc
1134 711 1258 776 nnllam
1279 709 1440 778 rationem
1471 711 1696 788 ostendentes,

544 823 595 880 set
609 835 763 899 magnum
777 813 956 878 tumultum
971 813 1126 878 facientes
1147 813 1183 879 in
1197 813 1272 879 aula
1286 812 1397 900 Regis,
1410 814 1458 879 ita
1471 815 1558 900 quod
1574 813 1699 879 clamor

544 915 693 1004 pervenit
715 915 757 978 ad
776 915 958 979 Dominum
981 916 1103 1000 Regem
1117 914 1152 979 in
1166 915 1263 996 lecto,
1285 915 1376 1002 gravi
1398 915 1586 980 infirmitate
1603 915 1698 980 labo-

544 1029 680 1097 rantem,
695 1039 823 1103 semper
836 1017 1067 1098 clamaverunt,
1081 1021 1104 1056 “
1113 1017 1187 1084 Nos
1202 1041 1317 1084 snmus
1333 1017 1518 1084 Commune
1533 1018 1696 1096 Civitatis,

544 1131 579 1186 et
594 1121 636 1186 ad
651 1142 712 1186 nos
726 1119 868 1206 pertinet
890 1120 1004 1186 electio
1025 1119 1163 1185 Maioris
1183 1119 1344 1201 Civitatis,
1358 1131 1393 1187 et
1406 1121 1557 1187 volomus
1571 1121 1697 1207 precise

544 1224 632 1310 quod
650 1224 820 1290 -Wslterus
840 1223 973 1310 Herevy
987 1221 1031 1290 sit
1045 1224 1154 1288 Maior
1167 1245 1265 1310 quem
1286 1223 1474 1310 elegimus?²
1516 1226 1567 1290 Ao
1582 1233 1695 1291 eontra

544 1327 754 1394 Aldennanni
763 1327 978 1392 ostenderunt
991 1327 1104 1392 multis
1115 1326 1308 1407 rationibus,
1323 1329 1411 1414 quod
1426 1328 1467 1393 ad
1482 1349 1539 1394 eos
1553 1327 1695 1414 pertinet

544 1430 659 1496 electio
674 1429 821 1511 Maioris,
838 1431 912 1494 ¹tum
931 1429 1008 1515 quis
1021 1429 1086 1516 ipsi
1107 1430 1319 1496 Aldermanni
1334 1441 1412 1496 sunt
1425 1432 1517 1517 quasi
1531 1430 1647 1515 capite,
1660 1440 1695 1495 et

545 1532 687 1618 populus
709 1530 803 1616 quasi
825 1529 981 1609 membra,
1005 1540 1077 1594 turn
1099 1531 1176 1616 quis
1192 1531 1403 1597 Aldermanni
1425 1531 1569 1597 reddunt
1587 1531 1695 1598 omnia

541 1633 663 1720 judicia
676 1633 711 1700 in
733 1633 860 1719 placitis
880 1631 977 1697 motis
1001 1632 1036 1696 in
1063 1630 1214 1699 Ciuitate
1258 1633 1311 1699 De
1336 1633 1458 1719 populo
1483 1643 1593 1698 autem
1618 1643 1696 1697 sunt

544 1735 664 1822 plures,
688 1736 743 1822 qui
764 1756 831 1801 non
850 1733 972 1800 habent
993 1743 1106 1814 terras,
1130 1734 1289 1814 redditus,
1313 1734 1475 1800 domicilia
1493 1734 1695 1812 incivitate,

545 1836 604 1901 filii
626 1838 825 1904 diversarum
861 1849 1013 1917 matrum,
1038 1846 1072 1901 et
1097 1834 1229 1922 quidam
1255 1836 1381 1902 servilis
1405 1837 1611 1916 conditionis,
1640 1835 1695 1921 qui

545 1960 660 2003 omnes
674 1961 789 2026 parum
803 1939 857 2004 vel
869 1939 970 2003 nichil
984 1949 1100 2004 curant
1114 1938 1155 2004 de
1169 1949 1259 2004 statu
1274 1937 1435 2004 Civitatis.

590 2039 735 2124 Populus
758 2048 867 2104 autem
891 2061 1020 2125 semper
1040 2038 1201 2104 clamabat
1225 2039 1310 2105 sicut
1333 2050 1437 2105 antea.
1483 2039 1536 2104 Illi
1556 2059 1635 2105 vcro
1654 2039 1696 2104 de

547 2141 694 2208 Consilio
714 2139 825 2226 Regis,
838 2139 988 2206 nolentes
1006 2161 1113 2227 neque
1135 2153 1261 2227 partem
1275 2142 1568 2207 Aldermannorum
1590 2161 1696 2228 neque

546 2255 671 2330 partem
685 2241 800 2328 populi
814 2241 1008 2318 contristari,
1027 2252 1062 2307 et
1076 2265 1117 2308 ne
1132 2244 1215 2323 Rex,
1240 2244 1297 2329 qui
1310 2243 1372 2308 luit
1385 2243 1421 2308 in
1435 2241 1534 2309 debili
1548 2253 1647 2325 statu,
1660 2243 1696 2308 in

546 2345 653 2430 aliquo
668 2354 936 2422 commoveretur,
950 2343 1197 2410 licentioremnt
1215 2365 1271 2410 eos
1294 2367 1397 2431 usque
1411 2345 1446 2410 in
1460 2346 1647 2425 crastinum,
1662 2355 1697 2412 et

546 2447 698 2512 dixerunt
711 2446 856 2532 predicto
867 2444 1024 2524 Waltcro,
1038 2465 1080 2510 ne
1101 2444 1172 2530 ipse
1186 2445 1312 2512 veniret
1325 2449 1367 2511 ad
1381 2448 1503 2513 curium
1517 2471 1592 2513 cum
1606 2457 1697 2513 tanta

546 2547 753 2612 multitudine
781 2545 939 2632 gentium,
972 2554 1024 2610 set
1048 2547 1254 2613 solummodo
1290 2570 1365 2614 oum
1395 2550 1508 2616 decem
1536 2551 1615 2616 viris
1641 2550 1696 2616 vel

546 2649 718 2716 duodecim
734 2650 777 2715 ad
797 2649 890 2736 plns3
912 2648 1029 2716 etheo
1050 2647 1138 2716 dicto
1161 2651 1283 2716 reversi
1306 2662 1385 2718 sunt
1405 2673 1520 2718 omnes
1540 2653 1582 2718 ad
1605 2652 1695 2719 civi-

546 2761 658 2818 tatem.

590 2855 650 2923 Set
677 2855 842 2942 predictus
871 2855 1047 2936 Walterus,
1074 2855 1176 2922 nichil
1205 2878 1322 2923 curans
1351 2860 1392 2926 de
1420 2868 1576 2945 precepto
1608 2860 1695 2945 quod

547 2959 670 3025 dimum
685 2959 749 3025 fuit
764 2960 794 3024 ei
809 2981 868 3043 per
883 2959 1065 3024 Consilium
1086 2959 1223 3025 Domini
1248 2961 1356 3047 Regis,
1383 2961 1495 3027 statim
1509 2971 1586 3046 post
1599 2983 1697 3047 pran-

547 3063 638 3126 dium
652 3063 731 3128 lecit
745 3061 940 3127 submonere
964 3063 1133 3127 universos
1149 3063 1190 3128 de
1211 3061 1363 3140 Civitate,
1386 3062 1531 3147 exeeptis
1555 3063 1619 3126 illis
1640 3062 1697 3149 qui

548 3166 745 3230 adheserunt
752 3164 992 3242 Aldermannis,
1005 3164 1067 3228 sub
1081 3165 1214 3229 nomine
1229 3163 1364 3229 Domini
1381 3165 1489 3250 Regis,
1499 3165 1571 3252 ipso
1586 3176 1696 3232 tamen

547 3269 610 3332 hoc
623 3267 754 3352 penitus
768 3266 946 3351 ignorante,
961 3275 995 3332 ct
1009 3265 1070 3330 sub
1085 3267 1174 3351 gravi
1188 3289 1273 3352 pena
1286 3267 1432 3351 pecunie,
1452 3276 1491 3333 ut
1505 3268 1567 3354 ipsi
1581 3289 1696 3334 omnes

547 3391 624 3434 eum
653 3377 876 3453 sequerentur.
936 3367 977 3432 In
1005 3369 1147 3434 crastino
1171 3389 1249 3433 vero
1279 3368 1521 3434 innumerabilis
1554 3371 1696 3456 populus

546 3470 638 3535 venit
651 3490 727 3534 cum
740 3492 791 3550 eo,
804 3491 888 3557 equo
903 3481 937 3536 et
950 3471 1044 3557 pede,
1063 3471 1150 3556 apud
1163 3471 1503 3552 westmonasterium,
1528 3472 1584 3558 qui
1605 3469 1697 3538 veni·

547 3580 640 3636 entes
663 3570 698 3636 in
724 3572 797 3636 auls
811 3571 920 3658 Regis,
946 3573 1068 3637 nullam
1091 3573 1251 3637 rationem
1266 3575 1487 3654 ostendentes,
1510 3575 1592 3654 sed!
1612 3575 1696 3639 sicut

545 3683 653 3752 antea,
673 3675 815 3740 fecerant
837 3674 1005 3740 clamando
1030 3674 1193 3753 dieentes3
1216 3674 1322 3739 “Nos
1335 3676 1487 3739 volumus
1503 3675 1591 3758 quod
1606 3675 1696 3738 Wal-

548 3785 636 3840 terus
652 3777 785 3861 Herevy
801 3775 845 3842 sit
866 3775 975 3839 Maior
998 3785 1119 3852 noster,
1141 3777 1216 3863 quia
1230 3777 1338 3840 nullus
1360 3775 1393 3838 in
1411 3775 1549 3839 Civitate
1564 3785 1614 3839 est
1628 3783 1696 3840 tam

547 3878 748 3944 necessarius
760 3877 801 3942 ad
814 3899 876 3942 nos
887 3875 1147 3961 gubernandos.’'
1179 3875 1393 3942 Aldermanni
1402 3897 1479 3940 vero
1494 3877 1626 3941 fuerunt
1636 3876 1697 3941 ibi·

549 3981 623 4047 dem
638 3992 815 4067 presentes,
826 3988 1033 4066 expectantes
1048 4002 1241 4065 responsum
1256 4002 1276 4044 a
1289 3979 1434 4043 Domino
1455 3980 1543 4066 Rege
1557 3990 1592 4046 et
1608 3979 1697 4047 Con-

548 4082 621 4148 silio
639 4105 710 4147 suo.
755 4082 824 4167 lpsi
843 4103 920 4146 vero
946 4081 986 4145 de
1002 4080 1148 4146 Consilio
1168 4081 1264 4168 Regis
1280 4080 1432 4145 dixerunt
1444 4081 1649 4147 Aldermanis
1663 4093 1698 4148 et

551 4185 622 4251 eliis
644 4186 790 4274 predicto
820 4185 966 4250 Waltero
992 4183 1233 4264 adherentibus,
1254 4194 1290 4250 ut
1315 4183 1378 4270 ipsi
1404 4185 1599 4252 unanimiter
1623 4207 1697 4270 pre·
