3920 5022
537 587 796 632 vrcncourrnu
822 587 1107 634 nonnosrnnun.
1256 595 1261 606 ·
1357 571 1399 644 67

245 738 338 822 cujus
351 737 512 802 territorio
527 736 724 802 domicilium
734 736 833 801 hebet
842 737 895 802 vel
905 737 1109 803 beneficium.
1134 737 1270 804 Quodsi
1283 739 1399 824 aliquis

249 850 362 905 contra
370 841 467 925 hujus
477 840 714 905 malefactorem
723 839 1202 924 experirivoluerit‚Episcopus
1211 839 1324 919 looi,in
1334 861 1398 924 quo

246 939 1399 1027 deliquitcitereipsumEpiscopum,incujusdiocesibeneficiumhebet

245 1044 297 1110 rel
313 1044 522 1122 domicilium,
537 1042 593 1129 qui
606 1041 641 1106 in
656 1042 719 1107 hoc
733 1064 810 1107 essu
826 1065 885 1107 suo
900 1042 1087 1127 parifacere
1101 1062 1233 1106 necesse
1246 1041 1355 1106 habet

290 1145 343 1209 Ad
358 1155 507 1231 quartum
521 1165 735 1229 responsum
757 1145 846 1230 quod
871 1144 1004 1209 clericos
1028 1143 1228 1229 captivantes
1253 1142 1295 1207 ab
1324 1143 1396 1229 ipso

246 1267 369 1310 canone
394 1255 472 1310 sunt
496 1245 777 1325 excommunicati,
799 1254 833 1310 et
847 1245 1066 1310 satisfactione
1080 1244 1192 1309 habita
1206 1246 1247 1309 de
1259 1244 1396 1330 injuriis,

245 1347 396 1433 dampnis
408 1357 442 1412 et
452 1347 603 1432 expensis
618 1346 784 1410 adsedem
799 1347 1008 1432 apostolicam
1019 1367 1079 1432 pro
1089 1346 1297 1411 absolutione
1311 1348 1396 1432 opti-

245 1449 354 1514 nenda
379 1458 456 1513 sunt
480 1448 732 1527 transmittendi,
749 1456 782 1513 et
797 1448 825 1512 si
839 1469 899 1533 pro
913 1448 1136 1534 redemptione
1151 1448 1272 1532 aliquid
1287 1457 1396 1513 extor-

247 1549 358 1629 serint,
369 1549 449 1614 illud
460 1549 495 1613 in
504 1548 657 1633 simplum
668 1549 720 1613 vel
731 1549 867 1633 duplum
876 1549 928 1613 vel
939 1549 1027 1628 alias,
1039 1549 1217 1614 secundum
1227 1549 1395 1615 arbitrium

247 1651 414 1735 Episcopi,
430 1650 628 1715 restituatur.
672 1649 718 1713 Et
742 1650 776 1714 in
801 1651 865 1714 hoc
888 1650 1021 1715 articulo
1046 1651 1179 1736 procedi
1203 1661 1313 1735 potest
1337 1675 1396 1739 per

247 1753 382 1816 modum
397 1751 545 1829 sotionis,
566 1751 594 1814 si
614 1751 657 1815 sit
671 1752 725 1836 qui
740 1773 833 1836 cgere
847 1751 927 1815 velit
940 1773 999 1836 per
1012 1752 1148 1817 modum
1162 1752 1393 1836 inquisitionis,

246 1853 274 1916 si
282 1853 404 1938 lesiper
413 1853 594 1917 metumvel
604 1852 838 1917 socordiamvel
848 1852 1114 1917 collusionemvel
1123 1852 1186 1917 alio
1195 1854 1293 1917 modo
1302 1877 1395 1939 agere

247 1963 498 2041 proposuerunt.
513 1954 588 2021 Que
597 1953 756 2018 ordinatio
765 1964 844 2018 tunc
852 1953 1008 2038 temporis
1014 1975 1080 2018 non
1086 1954 1177 2019 venit
1185 1955 1394 2026 adeffectum.

288 2056 382 2120 'l'unc
410 2055 577 2140 temporis,
600 2056 674 2141 quia
699 2075 845 2119 rumores
864 2065 1024 2120 venerunt
1047 2056 1136 2140 quod
1159 2077 1218 2142 per
1243 2078 1394 2141 procura·

246 2157 369 2220 tionem
392 2157 526 2240 Regine,
553 2157 641 2221 Petri
657 2157 697 2221 de
713 2156 860 2235 Sauveie,
875 2154 1036 2219 Jchsnnis
1061 2155 1199 2222 Comitis
1219 2156 1395 2237 Wcrenne,

248 2256 399 2343 Hugonis
421 2256 530 2340 Bigct,
547 2256 704 2322 Willelmi
730 2256 771 2320 de
794 2255 968 2334 Valeneiis,
990 2255 1153 2321 Johannis
1176 2257 1341 2322 Maunsell
1361 2269 1396 2324 et

246 2359 393 2437 aliorum,
414 2367 494 2423 tunc
515 2358 723 2424 existentium
745 2358 779 2422 in
801 2357 948 2444 partibus
971 2359 1205 2440 transmarinis,
1222 2361 1395 2426 voluerunt

246 2461 422 2546 alienigene
444 2481 519 2524 cum
541 2461 638 2525 ermis
658 2461 762 2527 veniri
777 2481 875 2547 super
888 2482 1022 2546 regnum
1033 2461 1160 2546 Anglie,
1175 2463 1312 2527 missum
1333 2462 1396 2527 fuit

246 2561 501 2628 Vicecomitibus
513 2562 630 2646 Anglie
645 2560 742 2628 breve
758 2561 894 2626 Domini
909 2562 1007 2646 Regis
1023 2562 1254 2648 subscriptum.

291 2662 453 2726 Henricus
468 2661 532 2726 Dei
546 2662 647 2746 matis
661 2662 732 2726 Rex
746 2661 873 2746 Anglie,
888 2661 1051 2726 Dominus
1081 2662 1249 2743 Hibernie,
1263 2673 1297 2728 et
1316 2664 1393 2728 Dux

245 2765 453 2849 Aquitannie,
461 2763 721 2846 Archiepisoopis
730 2762 903 2845 Episcopis
913 2762 1098 2827 Abbatibus
1108 2765 1273 2829 Prioribus
1284 2765 1395 2830 Comi-

246 2867 336 2930 tibus
351 2863 535 2929 Batonibus
549 2863 805 2927 vicecomitibus
829 2862 995 2927 Militibus
1020 2864 1130 2928 liberis
1152 2866 1340 2930 hominibus
1363 2877 1396 2930 et

245 2968 395 3031 universe
416 2964 653 3030 communitati
673 2962 858 3029 Comitatus
873 2965 1020 3043 Essexie,
1041 2965 1189 3032 salutem.
1234 2966 1320 3031 Cum
1334 2989 1395 3052 pro

246 3079 333 3134 certo
349 3068 443 3134 nobis
467 3065 659 3146 constiterit,
685 3066 772 3152 quod
798 3067 1047 3151 alienigenarum
1067 3089 1183 3152 magna
1208 3067 1394 3150 multitudo,

246 3169 373 3254 navigio
395 3169 610 3252 undecunque
632 3168 778 3245 collecto,
803 3167 845 3231 cd
870 3189 1006 3253 regnum
1034 3178 1195 3250 nostrum,
1216 3170 1250 3234 ri
1272 3180 1395 3236 mmsta

247 3267 389 3335 intrandi
412 3289 447 3332 se
472 3276 631 3352 preparet,
663 3268 703 3331 ad
726 3277 872 3332 nostrum
896 3278 930 3333 et
953 3269 1153 3354 singulorum
1177 3271 1268 3356 regni
1290 3271 1393 3355 ipsius

246 3370 468 3438 confusionem
480 3379 514 3434 et
522 3370 803 3434 exheredationem
815 3379 1014 3456 perpetuam,
1025 3372 1088 3436 nisi
1099 3373 1145 3436 eis
1155 3373 1188 3437 in
1204 3375 1393 3439 manuforti

246 3471 432 3537 duxerimus
447 3468 657 3548 obviandum,
670 3470 763 3534 vobis
778 3471 981 3549 mandamus,
995 3471 1030 3534 in
1044 3470 1180 3556 fideque
1193 3472 1288 3538 nobis
1303 3483 1394 3540 tene·

246 3574 336 3654 mini,
351 3572 486 3637 firmiter
498 3571 724 3657 precipientes,
739 3572 891 3657 quatinus
909 3593 968 3636 ros
983 3572 1101 3637 milites
1116 3595 1229 3639 omnes
1245 3586 1279 3640 et
1292 3575 1392 3642 libere

244 3685 405 3755 tenentes,
420 3674 475 3760 qui
500 3675 542 3738 ad
563 3674 627 3739 boc
645 3673 820 3753 sufficiunt,
840 3695 915 3738 cum
936 3675 1027 3759 equis
1047 3684 1081 3740 et
1096 3677 1192 3740 armis
1208 3677 1342 3743 viriliter
1358 3689 1393 3744 et

243 3787 395 3865 potenter
407 3798 468 3842 vos
486 3775 665 3861 preparetis
676 3800 686 3853 ;
708 3775 754 3838 its
768 3776 857 3858 quod
870 3775 912 3839 ad
932 3797 993 3840 nos
1018 3775 1088 3841 sitis
1111 3777 1292 3842 Londoniis
1316 3801 1393 3844 cum

245 3889 316 3944 tcto
331 3899 428 3962 posse
443 3887 562 3955 vestro,
577 3877 630 3941 die
644 3875 818 3941 Dominica
828 3877 976 3961 proxima
983 3890 1060 3960 post
1070 3878 1190 3942 festum
1204 3878 1291 3944 beati
1303 3880 1390 3944 Petri

246 3981 288 4044 ad
297 3978 437 4056 vincula,
455 3977 496 4040 ad
515 3986 659 4041 nostram
675 3986 709 4040 et
723 3987 862 4041 vestram
885 3999 921 4042 eo
936 3977 1038 4042 totius
1052 3978 1143 4061 regni
1158 3979 1390 4060 defensionem,

247 4089 359 4148 contra
369 4079 561 4163 alienigenas
582 4078 769 4162 hujusmodi
783 4079 954 4144 nobiscum
969 4101 1010 4144 ex
1024 4080 1101 4145 inde
1111 4083 1302 4164 processuri.
1328 4083 1390 4156 Τιι,

1406 2682 1492 2732 Latum
1518 2683 1618 2729 Domini

1407 2747 1478 2808 Repis
1489 2747 1523 2792 ad
1536 2746 1617 2806 sispa-

1408 2811 1442 2857 los
1454 2810 1580 2858 Comitatus
1591 2817 1617 2856 ut

1408 2873 1518 2920 mussat
1528 2873 1617 2919 amicti

1407 2943 1489 2984 contra
1506 2937 1615 2998 althaim-

1406 3013 1459 3048 m·
