3920 5022
548 597 589 652 28
904 611 1065 654 cnosson
1091 611 1269 654 usiones«
1296 611 1340 654 er

546 780 622 826 nem
633 772 667 826 et
680 761 714 824 in
730 760 936 827 obsessorum
949 761 1095 827 subsidio
1108 771 1313 848 properante,
1323 761 1438 847 dieque
1454 762 1609 830 Mercurii
1623 775 1701 852 post

545 865 664 928 festum
681 862 767 926 beati
788 864 811 928 J
812 863 951 928 ohannis
966 874 1041 928 ente
1057 875 1185 949 portam
1201 864 1353 928 Latinam
1368 886 1444 930 cum
1455 865 1570 930 eodem
1580 867 1699 932 Treve-

545 967 632 1032 rensi
644 967 897 1052 Arcbiepiscopo
909 967 1043 1032 viriliter
1053 966 1258 1051 confligente,
1270 989 1337 1031 non
1352 967 1422 1032 sine
1438 979 1543 1054 strage
1554 991 1699 1048 suorum,

546 1069 658 1133 multis
671 1069 738 1134 suis
748 1069 905 1134 militibus
915 1079 948 1134 et
958 1069 1029 1134 aliis
1041 1069 1252 1155 complicibus
1262 1070 1443 1156 captivatis,
1457 1072 1606 1136 confecto
1620 1071 1697 1137 inde

546 1171 658 1256 prelio,
674 1193 732 1256 per
758 1172 953 1238 dedecorose
979 1173 1053 1257 luge
1076 1173 1254 1257 presidium
1277 1172 1391 1238 mortis
1412 1173 1616 1259 supplicium,
1639 1196 1697 1239 seu

546 1274 763 1358 periculosum
790 1275 1016 1360 captivationis
1046 1274 1252 1359 dispendium
1282 1275 1431 1340 evitasse.
1485 1275 1550 1355 Sic,
1578 1277 1697 1362 itaque,

547 1375 634 1440 dicto
650 1375 766 1440 Castro
782 1388 895 1443 nostro
909 1399 967 1464 per
985 1377 1103 1463 prefati
1117 1378 1362 1463 Archiepiscopi
1384 1379 1644 1464 Magontinensis
1659 1402 1696 1444 ac

546 1477 679 1542 aliorum
694 1479 837 1544 fidelium
852 1491 1038 1546 nostrorum
1054 1479 1209 1544 auxilium
1224 1503 1244 1542 a
1257 1481 1418 1566 pressuris
1434 1481 1650 1546 obsidentium
1662 1492 1697 1546 et

545 1581 587 1646 ab
602 1581 861 1667 impugnantium
884 1582 1061 1648 insultibus
1082 1582 1217 1648 feliciter
1238 1581 1384 1661 liberato,
1399 1583 1534 1668 ipsoque
1549 1583 1714 1679 victuma

544 1681 607 1747 bus
622 1692 655 1747 et
670 1685 740 1749 aliis
756 1687 943 1750 necessariis
957 1709 994 1750 ac
1010 1685 1149 1750 strenuis
1173 1685 1396 1750 defensoribus
1411 1685 1535 1770 egregie
1550 1708 1696 1749 commu-

545 1785 626 1862 nito,
646 1787 732 1852 idem
753 1789 1027 1874 Archiepiscopus
1056 1788 1269 1872 Mogontinus
1295 1789 1381 1874 apud
1402 1788 1639 1874 Aquisgranum
1656 1788 1697 1852 ad

544 1891 740 1973 presentiam
753 1903 897 1956 nostram
907 1893 1007 1956 venit.
1053 1890 1131 1969 Ubi,
1141 1891 1174 1954 in
1190 1892 1274 1956 festo
1284 1890 1496 1956 Ascencionis
1513 1892 1694 1969 Dominice,

545 1989 617 2074 ipso
643 2002 676 2056 et
699 1993 952 2080 Archiepiscopo
979 1993 1179 2072 Coloniensi,
1198 1994 1404 2079 presentibus
1427 1994 1600 2078 multisque
1624 1994 1695 2058 aliis

545 2093 729 2179 Episcopis,
739 2096 900 2175 Ducibus,
910 2095 1106 2174 Comitibus,
1120 2097 1314 2177 Beronibus,
1323 2096 1526 2182 magnatibus
1536 2113 1569 2161 et
1578 2095 1696 2160 nobili·

544 2193 606 2260 bus
621 2197 711 2282 regni
725 2199 839 2271 nostri,
851 2200 1034 2285 nostrisque
1049 2199 1210 2279 fidelibus,
1221 2200 1255 2264 in
1270 2201 1347 2265 sede
1358 2199 1466 2285 magni
1482 2199 1606 2278 Karoli,
1616 2221 1692 2264 cunr

545 2298 784 2384 solempnitate,
799 2303 863 2387 qua
877 2302 995 2380 decuit,
1015 2302 1049 2366 in
1069 2301 1156 2366 illius
1171 2303 1314 2382 nomine,
1329 2302 1385 2389 qui
1400 2302 1558 2387 superbos
1574 2302 1694 2387 dejicit,

544 2413 578 2468 et
602 2404 693 2487 ponit
717 2406 856 2470 humiles
877 2406 911 2468 in
931 2404 1140 2482 sublimitate,
1155 2404 1237 2470 sacri
1252 2404 1391 2470 Romani
1410 2403 1514 2489 Regni
1529 2415 1694 2489 sceptrum

543 2506 726 2591 recepimus
752 2519 786 2572 et
818 2529 992 2586 eoronam;
1022 2506 1192 2571 karissima
1229 2516 1379 2572 consorte
1408 2517 1520 2569 nostra
1546 2506 1695 2570 similiter

543 2607 659 2672 eodem
674 2608 726 2673 die
742 2607 913 2674 nobiscum
936 2608 1168 2693 sollempniter,
1189 2618 1227 2672 ut
1248 2608 1367 2688 decuit,
1382 2618 1544 2674 coronata.
1589 2608 1691 2672 Deni-

543 2731 605 2794 que
634 2711 718 2776 festo
748 2712 969 2778 coronacionis
999 2724 1109 2777 nostre
1139 2733 1213 2776 cum
1239 2712 1363 2796 magnis
1390 2711 1629 2796 sollempnitate
1659 2721 1693 2774 et

541 2813 659 2898 gaudio
668 2813 840 2895 celebrato,
850 2815 1105 2901 dilectorumque
1118 2815 1305 2900 Principum
1317 2824 1351 2878 et
1359 2813 1494 2878 aliorum
1506 2823 1692 2877 nostrorum

542 2914 687 2981 fidelium
704 2940 800 3003 super
822 2920 954 3004 agendis
971 2920 1090 2985 nostris
1107 2918 1347 2984 communicato
1358 2915 1505 2994 consilio,
1519 2915 1625 2979 visum
1641 2923 1692 2980 est

542 3016 637 3082 nobis
661 3030 695 3083 et
720 3020 777 3099 eis,
793 3022 981 3086 exaltationi
1012 3033 1122 3088 nostre
1145 3022 1255 3087 votive
1280 3020 1455 3106 plurimum
1477 3017 1639 3104 expedire,
1654 3030 1693 3081 ut

542 3121 652 3184 statim
675 3121 745 3184 sine
768 3144 857 3185 more
880 3122 1061 3205 dispendio,
1077 3123 1293 3188 humiliationi
1313 3131 1499 3188 nostrorum
1522 3121 1690 3186 rebellium

541 3222 759 3298 intendamus,
774 3231 808 3284 et
832 3223 984 3307 precipue
1008 3245 1045 3286 ac
1067 3225 1173 3308 primo
1197 3226 1238 3290 ad
1252 3224 1460 3310 confrigenda
1481 3223 1556 3288 elati
1570 3245 1691 3288 cornua

540 3323 758 3401 Treverensis,
774 3323 883 3387 omnia
907 3335 1019 3389 nostra
1040 3325 1206 3391 molimina
1225 3339 1471 3405 convertamus3
1494 3336 1541 3404 ut,
1557 3325 1641 3390 sicut
1656 3347 1691 3390 se

540 3425 681 3509 primum
708 3425 741 3489 in
767 3426 888 3490 nostris
912 3429 1059 3513 negotiis,
1081 3450 1148 3493 non
1171 3440 1237 3494 tam
1259 3429 1384 3513 justum
1404 3437 1438 3491 et
1457 3426 1691 3502 rationabilem,

541 3549 637 3612 quam
663 3527 882 3592 voluntarium
902 3532 1072 3596 constituit
1094 3532 1306 3610 turbatorem,
1320 3530 1367 3594 ita
1387 3530 1493 3615 primo
1509 3529 1692 3616 experiatur

541 3639 575 3695 et
590 3630 693 3695 discat
707 3632 783 3716 quid
808 3641 842 3696 et
867 3644 1024 3718 quantum
1045 3645 1158 3701 contra
1177 3658 1253 3701 eum
1275 3634 1382 3720 possit
1407 3644 1441 3697 et
1454 3633 1560 3697 valeat
1575 3654 1690 3696 manus

540 3745 661 3798 nostra.
706 3735 759 3797 De
774 3735 836 3799 hoc
852 3747 960 3801 autem
974 3739 1126 3823 precipue
1147 3748 1252 3802 certos
1268 3758 1339 3800 esse
1353 3757 1413 3800 vos
1428 3736 1590 3814 volumus,
1602 3736 1689 3822 quod

540 3845 664 3900 tantam
687 3839 755 3922 jam
781 3837 814 3901 in
831 3839 950 3902 auxilio
969 3851 1155 3905 nostrorum
1176 3840 1318 3905 fidelium
1335 3849 1369 3903 et
1382 3841 1545 3903 fautorum
1566 3838 1600 3902 in
1616 3839 1692 3908 Ale..

540 3940 670 4004 mannia
695 3940 813 4006 habere
835 3941 1028 4007 confidimus
1053 3954 1260 4028 potestatem,
1275 3944 1363 4027 quod
1378 3943 1424 4007 eis
1440 3942 1473 4006 in
1488 3942 1564 4007 fidei
1579 3951 1690 4009 nostre

538 4043 638 4124 cultu,
653 4054 687 4110 et
698 4043 731 4108 in
747 4045 928 4112 devotionis
944 4057 1054 4113 nostre
1069 4049 1138 4113 zelo
1154 4046 1356 4126 durantibus,
1366 4047 1485 4111 nullius
1499 4046 1639 4112 viventis
1650 4045 1693 4110 sit
