3850 5020
448 579 568 644 xxxviii
953 598 1131 646 naraon.

445 751 520 809 rium
533 749 644 808 devenit
665 749 701 807 sd
721 767 820 808 manus
843 768 907 808 sues
928 769 996 808 usus
1017 760 1061 809 εει
1083 751 1188 810 eisdem
1211 749 1394 812 lihertetsbus.
1436 751 1548 812 Clamet
1561 753 1645 812 etism

445 847 549 904 hahere
562 865 611 922 per
624 855 730 904 cartem
752 845 840 923 Regis
863 846 989 914 Henrioi‚
1003 847 1091 923 petris
1115 845 1220 904 domini
1243 847 1330 923 Regis
1348 865 1430 916 nunc,
1444 845 1562 906 liberam
1576 867 1647 908 wer·

446 961 562 1001 reunsm
575 952 603 1000 et
612 943 711 1001 feriam
724 943 841 1020 singulis
852 944 932 1002 snnis
941 943 1104 1002 (imbirem
1117 964 1168 1021 per
1178 953 1235 1002 tres
1250 944 1308 1004 diss
1318 945 1348 1002 in
1361 944 1490 1002 omnibus
1500 944 1646 1005 dominicis

446 1041 528 1098 terris
542 1041 600 1098 suis
613 1042 801 1100 maneriorum
816 1061 938 1112 snorum,
953 1041 1066 1112 scilieet,
1081 1043 1224 1111 Wnttone,
1240 1042 1412 1120 Adingtone,
1425 1051 1454 1100 et
1466 1042 1645 1120 Perciuges!

447 1137 488 1195 Et
500 1137 567 1195 dicit
590 1139 666 1215 quod
688 1139 747 1216 ipse
768 1148 917 1216 postquam
938 1139 1095 1217 predictum
1116 1140 1271 1198 numerium
1285 1139 1397 1198 devenit
1415 1139 1451 1197 sd
1467 1159 1567 1198 manus
1581 1159 1647 1200 sues

446 1235 526 1313 plene
539 1255 606 1293 usus
620 1245 664 1294 est
676 1237 780 1295 eisdem
802 1237 997 1305 libertatibus;
1017 1246 1046 1295 ει
1066 1237 1143 1314 quod
1162 1239 1221 1314 ipse
1241 1237 1328 1296 nichil
1342 1237 1489 1314 occuparit
1503 1257 1585 1315 super
1595 1236 1645 1296 do·

445 1332 552 1389 minum
577 1331 694 1408 Regem,
709 1335 757 1410 qui
771 1354 846 1392 nunc
859 1343 912 1403 εει,
926 1355 978 1393 nec
991 1334 1200 1412 predecessores
1214 1355 1298 1404 sucu
1317 1343 1347 1396 et
1366 1335 1443 1412 quod
1462 1336 1502 1394 ite
1516 1337 1554 1394 sit
1567 1336 1646 1412 ponit

445 1449 476 1487 se
489 1449 571 1506 super
584 1432 711 1507 patriam.
752 1431 792 1490 Et
812 1433 914 1491 milites
937 1433 974 1490 ad
995 1431 1050 1490 hoc
1072 1433 1162 1500 electi,
1181 1451 1238 1490 une
1258 1451 1323 1490 cum
1341 1433 1380 1490 xii
1393 1433 1429 1490 de
1443 1431 1601 1502 hundredo,
1615 1434 1645 1490 in

445 1527 546 1604 quihus
560 1528 682 1604 predicta
694 1530 817 1586 maneria
839 1537 913 1597 sunt,
938 1529 1034 1586 dicunt
1056 1548 1139 1606 super
1153 1538 1357 1588 sacamentum
1381 1549 1463 1586 suum
1487 1529 1562 1606 quod
1583 1549 1646 1606 pre·

444 1624 536 1682 dictus
548 1625 689 1682 Robertus
700 1625 780 1702 plene
793 1645 860 1683 usus
874 1635 917 1684 εει
926 1627 1055 1684 omnihus
1063 1626 1238 1684 libertatibus
1252 1626 1393 1704 predictis,
1405 1627 1477 1684 sicut
1490 1625 1645 1703 predictum

443 1729 487 1779 est
500 1729 528 1778 et
541 1719 617 1797 quod
639 1720 724 1778 nichil
746 1722 893 1798 ocorrparit
906 1741 990 1798 super
1010 1723 1154 1780 domiuum
1170 1723 1278 1800 Regem
1291 1723 1335 1781 sel
1350 1723 1556 1799 predecessores
1571 1743 1646 1782 suos.

444 1819 485 1878 Et
498 1819 559 1876 ideo
573 1818 735 1876 dictumest
748 1819 774 1876 ei
788 1818 864 1895 quod
876 1827 922 1877 sat
936 1820 995 1876 sine
1008 1819 1053 1877 die
1066 1839 1129 1876 oum
1148 1819 1322 1877 libertatibus
1337 1818 1394 1876 suis
1412 1817 1552 1895 predictis,
1567 1819 1645 1878 selvo

443 1917 556 1975 domino
572 1915 644 1990 Regi
654 1916 727 1991 jure,
741 1914 810 1972 ete.”
854 1915 1021 1992 Staplefortl
1035 1917 1064 1973 in
1080 1915 1243 1994 Domesday
1259 1915 1491 1983 Stiuicesunorde,
1507 1933 1563 1973 wes
1577 1915 1645 1974 then

443 2011 510 2070 held
523 2011 557 2070 of
564 2011 698 2089 Geoffrey
711 2011 747 2068 de
762 2008 936 2069 Mendevilla
945 2011 984 2090 by
999 2009 1154 2078 Germund,
1168 2009 1213 2067 his
1223 2018 1328 2080 tenant,
1338 2003 1466 2068 auoeitor
1480 2013 1645 2092 apparently

442 2111 476 2168 of
486 2107 564 2167 John
577 2107 604 2166 le
619 2107 737 2186 Moyns.

484 2205 519 2263 In
535 2203 650 2281 surrey,
664 2221 766 2276 among
776 2201 824 2259 the
837 2202 914 2279 pleas
928 2201 961 2258 of
980 2201 1045 2266 Quo
1059 2211 1199 2259 warranto
1212 2201 1308 2260 before
1321 2201 1371 2261 the
1384 2201 1510 2262 Justioes
1523 2204 1553 2260 in
1569 2203 1645 2283 Eyre

441 2311 472 2362 st
487 2301 648 2370 Guildford,
663 2301 680 2357 7
693 2299 815 2358 Edward
829 2299 862 2368 1„
876 2299 931 2357 127
934 2301 962 2367 9,
976 2299 1000 2357 is
1014 2319 1068 2357 one
1082 2308 1125 2358 εει
1137 2299 1219 2358 down
1232 2319 1268 2358 ou
1283 2299 1331 2357 the
1344 2299 1398 2357 roll
1408 2301 1439 2357 in
1449 2299 1506 2358 this
1513 2300 1588 2359 form
1595 2323 1645 2359 :-

443 2407 461 2436 “
474 2398 583 2457 Robert
596 2396 715 2472 Agulun
728 2394 784 2452 and
807 2393 955 2470 Margaret
974 2394 1019 2452 his
1032 2395 1095 2452 wife
1108 2414 1180 2454 were
1194 2397 1357 2456 summoned
1370 2406 1400 2455 ιο
1420 2397 1496 2456 show
1509 2400 1548 2478 by
1567 2399 1643 2458 what

442 2502 584 2573 werrsnty
597 2492 666 2570 they
678 2492 745 2550 held
757 2491 805 2550 the
818 2491 947 2550 hundred
960 2493 994 2550 of
1012 2491 1151 2550 Lsmheth
1173 2494 1202 2552 in
1223 2493 1286 2552 thst
1306 2495 1390 2553 shine.
1431 2495 1500 2554 And
1513 2499 1553 2574 by
1567 2496 1643 2556 what

442 2599 582 2670 warranty
595 2589 663 2668 they
677 2589 794 2648 claimed
807 2598 836 2647 to
857 2588 929 2648 heve
943 2589 999 2648 suit
1018 2598 1049 2647 to
1068 2589 1117 2647 the
1136 2589 1264 2650 hundred
1277 2592 1415 2650 aforesaid
1427 2592 1502 2651 from
1516 2593 1564 2651 the
1577 2615 1642 2654 men

441 2692 476 2750 of
486 2689 534 2747 the
548 2708 622 2747 same
644 2687 779 2746 hundred.
821 2687 887 2746 And
909 2687 948 2767 hy
961 2687 1037 2746 what
1050 2697 1189 2766 warranty
1203 2688 1270 2768 they
1284 2689 1401 2748 claimed
1414 2699 1444 2748 to
1458 2689 1529 2748 have
1544 2692 1599 2749 suit
1612 2702 1642 2752 to

441 2789 490 2847 the
503 2785 641 2845 aforesaid
653 2784 782 2845 hundred
801 2785 875 2843 from
894 2784 942 2844 the
955 2785 1006 2844 vill
1019 2785 1052 2844 of
1069 2784 1238 2846 Streatham.
1279 2787 1349 2846 And
1361 2789 1400 2866 by
1414 2786 1489 2844 what
1502 2795 1642 2864 werrsnty

473 2900 489 2934 *
505 2902 556 2949 The
566 2901 660 2950 charter
675 2902 732 2948 here
747 2901 850 2948 referred
861 2906 886 2947 to
897 2901 917 2946 is
927 2901 1025 2948 entered
1036 2915 1068 2947 on
1079 2900 1122 2948 the
1139 2899 1196 2948 Roll
1212 2901 1239 2948 ol
1255 2899 1369 2948 Charters
1379 2900 1406 2946 of
1422 2901 1464 2946 the
1481 2898 1530 2945 32d
1548 2911 1605 2956 yser
1619 2899 1645 2944 of

441 2985 524 3047 Henry
539 2985 596 3044 ΙΙΙ.,
610 2983 682 3042 1248,
699 2985 725 3030 in
735 2984 801 3031 these
817 2982 955 3030 words:-“
963 2979 1107 3045 H(enricns)
1129 2982 1190 3040 Rex,
1208 2982 1256 3030 διο.
1268 2979 1466 3040 Archiepiscopis,
1478 2979 1523 3024 &a
1535 2977 1643 3025 salutem.

440 3069 525 3116 Sciatis
547 3081 590 3113 nos
608 3065 748 3113 concessisse
765 3069 789 3110 et
805 3064 851 3109 hae
867 3068 933 3109 certa
951 3071 1031 3110 nostm
1046 3064 1195 3110 confirmasse
1211 3063 1299 3107 dilecto
1317 3067 1341 3106 et
1355 3059 1421 3105 fldeli
1439 3063 1519 3104 nostro
1539 3057 1643 3106 Robcrto

441 3149 564 3210 Aguyllun
576 3146 641 3206 quod
652 3146 701 3204 ipse
712 3143 846 3191 etheredus
861 3144 898 3189 sni
909 3144 1085 3203 imperpetuum
1101 3143 1206 3188 habeant
1220 3142 1319 3186 liberem
1333 3153 1483 3185 warrenuem
1493 3138 1519 3185 in
1530 3140 1641 3186 omnibus

440 3227 566 3276 dominicis
579 3226 648 3272 terris
657 3226 707 3271 suis
718 3223 878 3270 meneriorum
889 3237 987 3270 suorum
998 3224 1029 3268 de
1047 3222 1148 3270 Wetton
1159 3229 1183 3269 et
1194 3223 1225 3268 de
1236 3221 1368 3280 Adyntone
1378 3225 1401 3267 et
1412 3221 1443 3266 de
1461 3220 1595 3283 Psi-cinges,
1607 3222 1642 3270 ite

440 3310 506 3371 quod
523 3307 605 3354 nullus
623 3307 696 3352 intret
713 3314 787 3352 terres
806 3305 858 3351 illes
875 3305 906 3351 ed
920 3304 1054 3365 fugendum
1073 3305 1099 3351 in
1117 3304 1151 3350 eis
1161 3305 1199 3352 rel
1215 3303 1247 3350 ed
1263 3303 1355 3363 aliquid
1372 3303 1515 3363 capiendum
1532 3304 1596 3364 quod
1607 3305 1639 3352 ed

440 3404 576 3439 wurennsm
593 3388 710 3448 pertineat
726 3387 777 3434 sine
796 3387 896 3434 licencia
906 3391 931 3434 et
941 3386 1063 3434 voluntate
1080 3386 1155 3447 ipsius
1174 3386 1272 3433 Roherti
1290 3393 1315 3433 et
1330 3385 1446 3433 heredum
1461 3399 1559 3432 suorum
1569 3400 1641 3447 super

439 3473 611 3520 forisfacturam
622 3475 726 3516 nostram
742 3485 759 3515 x
775 3469 899 3516 librarum.
933 3467 1097 3516 Censuimus
1108 3467 1179 3516 etiem
1191 3474 1215 3516 et
1233 3468 1278 3516 hse
1293 3469 1375 3515 eedem
1387 3474 1453 3515 certa
1464 3474 1544 3516 nostre
1553 3468 1639 3515 contir-

439 3569 532 3603 memus
548 3552 655 3614 predicto
671 3551 782 3608 Reherte,
794 3550 858 3610 quod
875 3550 925 3611 ipse
941 3555 965 3596 et
983 3550 1082 3598 heredes
1101 3551 1138 3598 sui
1156 3552 1324 3612 inperpetuum
1338 3550 1443 3596 hebeent
1460 3563 1534 3595 unem
1556 3549 1639 3596 fesium

438 3637 504 3698 apud
514 3635 650 3696 predictum
660 3633 793 3679 manerium
803 3647 874 3678 suum
885 3632 916 3679 de
932 3631 1031 3679 Wetton
1044 3632 1144 3694 singtilis
1154 3634 1224 3680 annis
1235 3632 1376 3679 duretur-em
1387 3645 1431 3691 per
1441 3636 1489 3677 tres
1501 3631 1560 3686 dies,
1573 3631 1638 3678 vide-

439 3719 503 3777 licet,
511 3719 536 3764 in
547 3715 636 3777 vigilie,
646 3715 673 3761 in
683 3715 731 3772 die,
742 3719 766 3762 et
776 3715 802 3760 in
813 3714 916 3761 crutiuo
926 3713 1062 3761 Neh'vitetis
1074 3715 1147 3761 Beeto
1155 3714 1239 3772 Meris,
1250 3714 1295 3759 nisi
1307 3713 1366 3759 feris
1376 3713 1418 3758 ills
1428 3713 1459 3758 ait
1469 3712 1500 3758 sd
1510 3727 1638 3758 nocumen-

438 3807 491 3848 tum
502 3799 633 3846 vicinsrum
643 3797 763 3844 feriarum.
796 3795 876 3852 Quare
891 3795 1001 3844 volumus
1013 3801 1038 3844 et
1052 3797 1151 3843 tirmiter
1166 3797 1311 3857 precipimus
1326 3809 1369 3855 pro
1385 3795 1454 3840 nohis
1472 3799 1497 3841 et
1510 3795 1639 3841 heredibus

437 3881 523 3928 nostris
533 3879 598 3939 quod
609 3879 710 3940 predicti
725 3878 842 3924 liebertus
852 3883 876 3924 et
886 3877 985 3926 heredes
995 3879 1032 3924 sui
1043 3879 1227 3938 imperpetuum,
1239 3878 1284 3924 &a
1319 3875 1373 3922 Hiis
1384 3876 1492 3933 testibus,
1505 3874 1637 3936 W(s1tero)

439 3961 585 4010 Norwioensi
604 3961 721 4021 episeopo,
739 3959 893 4020 lt(ogero)1e
908 3959 1214 4020 BigodcomiteNorlolcie
1229 3963 1252 4004 et
1268 3957 1404 4004 marescello
1416 3957 1513 4019 Anglie,
1536 3941 1640 4004 llobsrto

438 4043 567 4092 Passelewe
580 4041 746 4089 archidiacono
766 4041 881 4100 Iewsnn,
892 4040 988 4103 Rogare
1003 4041 1034 4088 de
1049 4040 1196 4102 lhurhelhy,
1206 4038 1320 4089 Johenne
1340 4039 1370 4086 de
1387 4039 1521 4097 Lessinton,
1538 4038 1640 4085 Paulino

436 4126 534 4186 Peyvrs,
549 4123 654 4172 Roherto
669 4122 691 4170 le
707 4122 806 4183 Noreys,
818 4121 940 4168 Willelmo
951 4120 1052 4170 (iernen
1064 4125 1089 4168 et
1098 4119 1159 4168 aliis.
1193 4121 1283 4169 Datum
1294 4133 1337 4181 per
1347 4133 1446 4166 menum
1458 4125 1563 4167 nostram
1574 4120 1639 4180 epud

437 4205 577 4267 Bliburgam
588 4205 648 4253 xxix
659 4205 699 4252 die
710 4203 802 4252 Marcii.
836 4201 992 4265 (Blythburg,
1002 4215 1063 4250 com.
1075 4201 1165 4264 Snff.)¹’
