3920 5022
572 633 827 680 moncourrun
853 635 1138 681 nonnonrnausr.
1388 617 1427 690 75

282 783 420 869 junioris
444 787 651 852 dormientes.
706 785 869 851 Dominus
885 796 994 852 autem
1012 786 1191 852 Edwardus
1216 785 1293 850 fecit
1318 786 1428 852 statim

282 888 489 971 proclamare,
504 900 542 953 ut
555 889 663 953 nullus
679 889 719 953 de
734 889 802 953 suis
817 889 956 975 aliquem
972 891 1012 955 de
1026 889 1169 954 exercitu
1183 888 1261 953 dicti
1286 887 1428 954 Simonis

280 987 492 1069 interficeret3
530 990 587 1054 sed
627 989 699 1054 illos
728 991 821 1056 vivos
847 1001 986 1077 caperet.
1044 992 1142 1057 Unde
1169 990 1217 1056 ibi
1239 992 1325 1078 capti
1351 1001 1429 1056 sunt

283 1088 402 1155 Comes
418 1092 557 1172 Osonie,
571 1092 767 1157 Willielmus
782 1094 824 1158 de
838 1093 956 1159 Monte
973 1093 1116 1174 Caninio,
1135 1093 1242 1158 Adam
1265 1095 1305 1159 de
1329 1095 1427 1160 Nouo

280 1190 438 1273 Mercato,
461 1195 677 1260 Baudewinus
694 1196 811 1276 Wakc,
841 1197 940 1281 Hugo
969 1197 1011 1262 de
1034 1197 1161 1276 Nevile,
1187 1205 1221 1262 et
1243 1196 1339 1261 multi
1361 1196 1426 1276 alii,

280 1295 435 1377 Baroncs,
450 1297 581 1376 milites,
596 1307 631 1362 et
645 1298 834 1377 servientes,
850 1301 905 1384 qui
920 1320 1033 1364 omnes
1051 1299 1183 1364 adducti
1205 1309 1283 1364 sunt
1307 1300 1427 1384 captivi

277 1420 382 1483 usque
397 1400 640 1479 Glouverniam,
655 1401 782 1466 amissis
796 1402 888 1487 equis
903 1411 937 1467 et
951 1403 1048 1466 armis
1061 1402 1127 1466 suis
1143 1411 1176 1467 et
1190 1411 1261 1468 toto
1274 1401 1425 1467 hernesio

277 1523 400 1568 eorum.
431 1504 599 1568 Predictus
614 1513 723 1568 autem
738 1505 852 1569 Simon
867 1514 901 1570 et
920 1505 1052 1590 quidam
1066 1505 1120 1569 alii
1132 1505 1292 1590 fugientes
1306 1525 1424 1589 posue-

277 1610 355 1665 runt
370 1624 404 1666 se
419 1603 453 1666 in
468 1606 636 1670 castellum
648 1607 689 1671 de
705 1607 933 1673 Kenelworthe
941 1633 951 1689 3
968 1629 1063 1692 quam
1072 1609 1181 1694 plures
1196 1607 1251 1693 qui
1262 1615 1423 1692 poterant,

276 1711 436 1786 ponentes
451 1727 486 1770 se
500 1705 535 1769 in
550 1706 669 1791 fugam,
684 1718 865 1774 evaserunt.

321 1805 573 1872 Memorandum
588 1811 676 1895 quod
690 1811 853 1876 Dominus
876 1813 948 1877 Rex
968 1833 1042 1876 cum
1061 1810 1190 1876 Gemite
1202 1809 1376 1876 Leieestrie
1389 1820 1424 1877 et
1436 1817 1556 1880 napata
1567 1819 1595 1867 ¹1⁴

277 1905 347 1970 aliis
377 1907 440 1971 sibi
468 1910 697 1976 adherentibus
726 1934 851 1977 moram
874 1913 1027 1978 fecissent
1051 1913 1086 1976 in
1112 1913 1306 1978 Hereiordia
1330 1923 1364 1977 et
1388 1914 1423 1977 in
1436 1883 1556 1930 dmum.

276 2007 422 2093 partibus
436 2010 500 2075 illis
514 2015 696 2100 perplures
711 2015 919 2100 septimanas,
942 2038 1009 2080 non
1023 2016 1135 2082 valens
1145 2016 1282 2080 transire
1297 2016 1423 2082 Savari-

276 2113 526 2192 nam,omnibus
540 2116 696 2200 pontibus
718 2117 857 2205 diruptis
879 2140 938 2203 per
962 2117 1143 2183 Dominum
1167 2118 1364 2184 Edwardum
1389 2128 1423 2184 et

276 2213 438 2280 Comitem
456 2217 663 2300 Glouvernie,
680 2229 715 2284 et
728 2221 826 2285 etiam
841 2220 994 2306 predictis
1009 2221 1170 2286 Eduardo
1189 2230 1223 2286 et
1237 2221 1366 2286 Comite
1388 2231 1423 2287 et

275 2319 458 2386 Beronibus
472 2322 514 2387 de
528 2324 675 2388 Marchia
689 2322 807 2390 Wallie
823 2347 899 2390 cum
914 2325 1058 2390 exercitu
1073 2345 1132 2389 suo
1148 2323 1365 2403 obstantibus,
1380 2345 1422 2390 ne

272 2420 343 2507 ipse
359 2423 429 2488 Rex
444 2445 519 2489 eum
535 2425 601 2489 suis
616 2425 777 2491 transiret.
821 2427 967 2492 Tandem
980 2449 1054 2490 cum
1067 2424 1231 2511 predictus
1241 2425 1420 2490 Edwardus

273 2546 348 2589 cum
363 2527 505 2593 exercitu
527 2549 588 2591 suo
609 2528 724 2593 fuisset
749 2528 836 2613 apud
858 2527 1098 2606 Kenelworthe,
1113 2527 1199 2593 sicut
1212 2536 1421 2613 prenotatum

274 2636 335 2706 est,
355 2628 519 2693 Dominus
535 2630 606 2694 Rex
626 2653 700 2694 cum
723 2630 791 2694 suis
806 2631 957 2695 transivit
971 2629 1158 2696 Saverinam
1182 2631 1269 2714 apud
1291 2630 1421 2715 Wigor·

273 2729 361 2793 niam
385 2729 420 2793 in
444 2730 585 2794 crastino
601 2730 712 2794 Sancti
739 2731 827 2795 Petri
849 2732 890 2795 ed
904 2731 1054 2811 Vincula,
1079 2740 1159 2797 tunc
1185 2732 1341 2816 temporis
1367 2733 1420 2796 die

273 2832 455 2898 Dominioa.
480 2834 608 2910 Postea,
617 2831 669 2894 die
679 2830 797 2894 Martis
809 2831 957 2916 proximo
970 2839 1136 2915 sequente,
1149 2851 1212 2915 que
1222 2830 1290 2896 dies
1300 2831 1419 2896 Martis

271 2934 333 2997 fuit
348 2943 427 2998 tunc
441 2931 596 3017 temporis
618 2930 717 2995 tercia
740 2930 808 2995 dies
833 2939 911 3016 post
935 2930 1128 3010 Advincuh,
1148 2930 1280 3010 scilicet,
1305 2943 1419 3017 quarta

272 3035 340 3099 dies
369 3035 521 3120 Augusti,
550 3043 711 3099 venerunt
731 3034 818 3119 apud
845 3034 1043 3112 Heresham,
1068 3032 1126 3098 ubi
1156 3032 1319 3098 Dominus
1348 3035 1418 3100 Ed·

272 3136 398 3201 wardus
413 3146 446 3201 et
461 3135 580 3199 Comes
604 3135 779 3200 Glovernie
805 3144 1062 3222 supervenerunt
1083 3158 1156 3200 cum
1180 3145 1251 3200 toto
1274 3138 1417 3202 exercitu

273 3262 344 3319 suo,
359 3249 393 3305 et
406 3250 514 3326 partes
529 3238 672 3324 predicte
687 3238 801 3302 eodem
820 3239 872 3305 die
894 3238 1110 3304 conflixerunt
1134 3248 1225 3304 extra
1238 3241 1417 3324 predictam

271 3342 392 3421 villam,
406 3351 441 3407 et
454 3341 532 3406 dicti
547 3341 725 3405 Edwardus
740 3350 775 3406 et
790 3338 911 3407 Comes
927 3341 1104 3406 Glosemie
1117 3340 1301 3405 babuerunt
1314 3341 1416 3408 victo·

270 3445 370 3526 riam3
393 3456 427 3510 et
451 3444 638 3508 interiectus
661 3453 712 3507 est
738 3441 857 3508 Comes
883 3442 1059 3508 Leicestn‘e
1085 3452 1119 3510 et
1141 3442 1304 3509 Henricus
1329 3444 1415 3510 filius

270 3570 349 3613 suus
363 3545 609 3632 primogenitus,
634 3546 734 3631 Hugo
758 3545 789 3610 le
815 3546 1012 3630 Despenser,
1036 3553 1070 3609 et
1093 3545 1209 3610 Petrus
1231 3545 1272 3609 de
1297 3545 1416 3612 Monte

268 3651 356 3730 forti,
379 3659 413 3714 et
432 3671 545 3713 omnes
559 3647 697 3712 barones
712 3656 746 3712 et
759 3647 889 3727 milites,
913 3647 969 3731 qui
995 3646 1043 3712 eis
1064 3646 1270 3727 adheserunt,
1294 3648 1415 3712 mortui

270 3763 357 3828 sunt,
391 3752 535 3836 exceptis
576 3750 698 3834 paucis,
733 3749 789 3834 qui
822 3749 908 3834 capti
935 3759 1013 3814 sunt
1046 3757 1081 3813 et
1109 3749 1276 3813 sevissime
1304 3757 1415 3814 tamen

268 3853 436 3917 vulnerati.
463 3853 509 3917 Et
517 3853 639 3917 dictum
651 3861 702 3918 est
712 3854 800 3938 quod
809 3852 903 3916 multi
913 3851 1032 3917 milites
1043 3860 1077 3916 et
1088 3851 1264 3916 serviente
1273 3873 1314 3915 ex
1322 3861 1414 3936 parte

267 3953 322 4016 illa
336 3952 569 4036 occubuerunt3
592 3978 632 4021 ex
647 3967 737 4042 parte
752 3978 828 4022 vero
844 3957 906 4020 alia
919 3955 1071 4041 perpauci
1093 3954 1213 4018 mortui
1228 3963 1317 4018 sunt.

314 4054 429 4139 Capud
443 4077 520 4122 vero
536 4058 612 4122 dicti
629 4059 767 4125 Comitis
783 4059 968 4139 Leicestrie,
989 4067 1027 4122 ut
1040 4056 1167 4135 dinuo,
1181 4054 1327 4120 abcisum
1351 4055 1416 4119 fuit
