3930 5088
546 615 803 660 vrcuconrrurr
829 613 1113 660 nonnonrnnun.
1348 597 1402 654 165

256 763 333 829 Quo
358 763 457 843 dicto,
481 775 552 829 orta
577 777 628 831 est
649 768 734 831 inter
754 767 917 851 predictos
942 765 1136 849 Gregorium
1159 771 1194 828 et
1223 760 1406 826 Walterum

255 864 393 930 verbosa
415 868 582 932 contentio
596 878 639 932 'et
660 869 754 933 valde
779 867 1014 934 contumeliosa
1037 887 1145 931 coram
1161 863 1251 929 omni
1272 863 1405 948 populo.

258 966 377 1031 Postea
398 989 476 1032 vero
511 969 617 1034 dictus
639 970 804 1035 Walterus
830 970 941 1035 exiens
967 992 987 1032 a
1013 967 1175 1045 Gildallia,
1200 966 1336 1030 accessit
1364 967 1406 1029 ad

256 1068 422 1132 ecclesiam
440 1068 550 1134 Sancti
576 1071 664 1135 Petri
688 1072 723 1135 in
746 1072 828 1150 foro,
848 1082 882 1136 et
906 1071 981 1135 fecit
1006 1070 1052 1135 ibi
1076 1068 1248 1133 convenire
1264 1067 1403 1131 multum

255 1169 415 1252 populum
436 1170 476 1234 de
503 1171 617 1236 officiis
638 1173 713 1251 illis,
737 1172 855 1258 quibus
875 1183 979 1238 cartas
1002 1170 1193 1248 contulerat,
1219 1168 1330 1234 dicens
1347 1159 1405 1248 eia,

255 1270 342 1354 quod
358 1270 466 1334 Maior
480 1281 514 1338 et
535 1273 589 1336 ulii
601 1273 775 1338 voluerunt
789 1283 892 1338 certas
908 1294 1020 1337 eorum
1040 1271 1224 1356 infringere,
1251 1281 1301 1336 set
1316 1271 1344 1334 si
1358 1271 1406 1334 illi

256 1371 379 1436 vellent
398 1373 551 1438 adherere
576 1374 618 1452 ei,
639 1375 709 1458 ipse
731 1374 802 1437 illus
827 1395 941 1438 omnes
962 1374 1104 1457 integras
1129 1371 1314 1436 sustineret.
1358 1369 1405 1436 Et

254 1482 379 1556 postea,
393 1494 483 1553 vero,
508 1496 567 1559 per
588 1484 692 1540 totam
712 1476 800 1540 illam
815 1475 901 1541 diem
916 1485 951 1540 et
969 1475 1005 1539 in
1019 1474 1160 1539 crastino
1175 1473 1248 1558 ipse
1262 1472 1405 1559 perrexit

254 1597 312 1658 per
326 1576 416 1639 vicos
431 1586 465 1640 et
478 1577 601 1662 plateas
612 1578 773 1658 Civitatis,
782 1579 977 1664 predicando
989 1587 1022 1642 et
1033 1577 1235 1641 attrahiando
1245 1575 1404 1661 populum

255 1677 283 1740 si
306 1687 419 1760 posset
441 1689 480 1742 ut
503 1680 693 1746 adhererent
717 1683 748 1746 ei
771 1692 884 1747 contra
908 1681 1068 1745 Maiorem
1091 1689 1125 1744 et
1148 1678 1304 1742 discretos
1318 1679 1405 1744 viros

256 1778 416 1844 Civitatis.
461 1782 560 1848 Quod
575 1784 705 1868 quidem
722 1785 831 1848 statim
846 1794 963 1848 notum
984 1792 1035 1848 est
1058 1780 1241 1846 Beronibus
1256 1781 1296 1844 de
1311 1780 1406 1845 Scae-

254 1882 339 1946 cario
351 1893 385 1947 et
410 1883 556 1950 Consilio
582 1887 717 1952 Domini
740 1889 849 1972 Regis,
865 1887 921 1972 qui
935 1887 1012 1951 inde
1026 1884 1120 1950 valde
1135 1883 1291 1949 commoti
1317 1894 1406 1962 sunt,

254 1994 288 2048 et
297 1983 459 2063 timentes,
471 2009 513 2051 ne
527 1988 708 2074 peripsum
723 1990 905 2054 Walterum
917 1999 952 2053 et
961 1986 1135 2073 complices
1151 2008 1228 2050 suos
1242 2007 1305 2070 pax
1321 1987 1405 2071 regis

254 2085 288 2148 in
317 2085 456 2152 Ciuitate
480 2090 732 2173 perturbaretur,
760 2091 945 2156 habuerunt
970 2091 1055 2155 inter
1080 2110 1114 2153 se
1134 2088 1342 2173 colloquium,
1371 2099 1405 2152 et

254 2189 390 2256 missum
414 2203 465 2256 est
490 2192 586 2258 breve
611 2194 748 2259 Domini
772 2194 870 2278 Regis
897 2193 1017 2259 Maiori
1038 2202 1073 2258 et
1095 2191 1350 2256 vicecomitibus
1369 2192 1404 2254 in

252 2291 356 2356 forma
370 2293 553 2360 subnotata.

297 2395 488 2476 Edwardus,
498 2398 559 2463 Dei
570 2399 671 2484 gratia
682 2401 754 2465 Rex
767 2399 895 2485 Anglie‚
907 2400 964 2464 &c
971 2398 1089 2462 Maiori
1104 2407 1139 2463 et
1149 2396 1403 2462 Vicecomitibus
1417 2406 1501 2482 tuere
1514 2406 1613 2452 Domini

254 2510 289 2566 et
308 2500 423 2565 ceteris
438 2500 587 2567 fidelibus
606 2504 685 2582 suis,
702 2503 838 2568 Civibus
853 2501 1110 2580 Londoniarum,
1125 2502 1272 2566 salutem.
1318 2500 1405 2566 Quia
1417 2471 1488 2533 ΒΨ
1497 2473 1530 2518 Ε·

254 2623 295 2666 ex
309 2602 527 2668 insinuatione
541 2615 660 2684 vestra,
684 2605 819 2670 Maioris
835 2603 984 2688 predicti,
1004 2624 1133 2668 necnon
1157 2612 1191 2666 et
1212 2601 1348 2666 Henrici
1364 2605 1404 2668 de

257 2702 431 2781 Coventre,
455 2703 605 2767 Nicholai
629 2706 670 2769 de
685 2705 876 2788 Wyntoniu,
891 2703 1059 2767 Willielmi
1079 2701 1120 2766 de
1144 2703 1323 2780 Dunelmo‚
1344 2703 1405 2768 Jo-

255 2804 370 2868 hannis
385 2803 518 2882 Adrian‚
532 2805 669 2869 Amoldi
693 2806 843 2882 Tedmar‚
860 2803 1009 2888 Gregorii
1029 2802 1070 2867 de
1092 2801 1243 2880 Rokesle,
1261 2801 1403 2887 Philippi

255 2906 286 2969 le
309 2905 440 2988 Taylur‚
463 2903 625 2968 Johannis
646 2905 688 2969 de
711 2906 849 2991 Gysors,
874 2903 1035 2969 Johannis
1056 2903 1164 2980 Hom,
1179 2900 1347 2966 Willielmi
1362 2903 1403 2968 de

257 3005 439 3082 Hadestok,
449 3004 584 3069 Roberti
593 3006 633 3071 de
646 3005 870 3085 Meldeburna,
881 3007 970 3068 Luce
982 3004 1022 3068 de
1033 3004 1225 3087 Batyncurt,
1235 3002 1403 3086 Reginaldi

257 3109 296 3172 de
312 3107 500 3187 Suffolohia‚
517 3107 655 3174 Gilberti
673 3110 714 3174 de
728 3110 880 3189 Dunton,
894 3106 1113 3173 intelleximus
1137 3105 1224 3189 quod
1239 3104 1403 3172 Walterus

258 3211 401 3294 Herevy,
415 3210 512 3274 etalii
525 3211 655 3294 quidem
668 3211 709 3275 de
724 3211 858 3274 diversis
874 3208 988 3275 officiis
1003 3206 1149 3292 ejusdem
1163 3204 1324 3285 Civitatis,
1336 3229 1405 3271 ma·

256 3314 372 3377 nifeste
388 3312 553 3377 minantur
567 3313 688 3378 eisdem
704 3335 764 3399 pro
780 3335 830 3392 eo,
848 3313 936 3399 quod
951 3311 1024 3397 ipsi,
1039 3330 1192 3374 unacum
1208 3307 1278 3372 aliis
1294 3319 1404 3375 nostre

257 3414 406 3478 Civitatis
421 3414 583 3494 fidelibus,
598 3416 736 3500 quedam
747 3425 869 3479 statuta
878 3413 945 3498 juri
955 3411 1114 3477 contraria
1121 3432 1180 3494 per
1194 3411 1352 3495 quosdam
1363 3413 1404 3478 de

255 3518 368 3584 officiis
380 3517 532 3603 predictis
545 3518 585 3581 ad
599 3519 725 3582 lucrum
737 3541 832 3582 suum
848 3516 1016 3603 proprium
1025 3524 1059 3578 et
1073 3520 1186 3578 contra
1194 3535 1400 3580 communem

254 3621 428 3686 utilitatem
443 3620 528 3685 facta
542 3620 704 3686 infirmare
718 3620 911 3698 voluenmt3
934 3617 1052 3704 quibus
1068 3614 1198 3679 statutis
1213 3615 1300 3680 idem
1310 3617 1403 3682 Wal-

254 3733 356 3802 terus,
370 3732 516 3807 tempore
539 3744 604 3806 quo
627 3721 691 3786 fuit
711 3722 830 3801 Maior,
845 3731 952 3807 preter
973 3738 1143 3782 assensum
1158 3726 1192 3779 et
1205 3738 1401 3782 consensum

254 3824 472 3908 predictorum
487 3824 630 3889 fidelium
648 3847 746 3910 super
760 3825 822 3889 hoc
845 3821 1100 3899 reclamantium,
1115 3827 1149 3883 et
1172 3821 1241 3883 sine
1257 3840 1402 3884 commu-

254 3926 355 3987 nitate
370 3926 524 4008 predicta,
536 3927 654 4011 apponi
667 3928 744 3994 iecit
754 3937 793 3992 ut
807 3927 934 4006 dicitur,
945 3936 979 3990 et
993 3924 1126 4006 insuper
1137 3923 1401 4006 congregationes

252 4037 286 4090 et
300 4027 556 4110 conspirationes
565 4051 638 4094 cum
649 4031 842 4114 quibusdam
851 4030 913 4094 sibi
925 4023 1165 4100 adherentibus,
1177 4023 1312 4088 diversis
1321 4026 1401 4090 locis
