3956 5022
327 3765 502 3829 mmm

550 589 570 648 8
892 609 1053 656 cnonroa
1077 611 1254 660 unionum
1280 615 1324 659 nr

594 756 717 823 Electis
731 758 803 825 istis
818 769 895 827 ante
908 763 1028 828 festum
1052 764 1162 830 Sancti
1177 766 1361 847 Michaelis,
1385 777 1456 834 orta
1479 779 1530 836 est
1543 772 1701 841 dissentio

548 859 585 925 in
599 860 739 944 civitate,
755 864 829 949 quia
844 865 969 952 Symon
981 867 1067 933 filius
1082 869 1188 935 Maria
1202 869 1430 956 impetraverat
1439 872 1562 939 litteras
1573 878 1702 964 Regias,

548 976 588 1033 ut
600 967 709 1054 ipsum
724 969 933 1036 admitterent
946 971 1190 1038 vicecomitem.
1235 975 1377 1041 Quidam
1392 987 1501 1042 autem
1517 980 1702 1066 Magnetes,

550 1093 625 1137 cum
649 1072 775 1138 Maiore
791 1095 862 1154 suo,
877 1074 1054 1141 Willielmo
1074 1077 1221 1163 Joynier,
1235 1079 1411 1145 noluerunt
1425 1084 1628 1166 consentire3
1652 1097 1702 1153 set

550 1175 701 1242 dicebant
721 1177 830 1262 ipsum
845 1179 907 1244 hoc
921 1178 1112 1264 impetrasse
1133 1191 1245 1246 contra
1258 1181 1424 1248 libertates
1440 1206 1525 1250 suas.
1569 1187 1616 1253 Et
1626 1190 1702 1274 quia

547 1279 620 1364 ipse
632 1279 757 1366 Symon
771 1289 851 1346 tunc
860 1283 1016 1368 temporis
1031 1284 1176 1348 nonfuit
1191 1285 1353 1350 admissus
1367 1287 1568 1367 Vicecomes,
1584 1291 1702 1356 Domi·

547 1403 611 1445 nus
626 1381 699 1446 Rex
709 1393 818 1448 motus
827 1383 890 1449 fuit
903 1384 938 1449 in
946 1384 1038 1465 iram,
1049 1385 1137 1449 unde
1150 1385 1246 1450 Cives
1259 1387 1408 1451 adierunt
1421 1388 1552 1454 Curiam
1566 1392 1701 1478 Regiam

547 1484 590 1547 ad
605 1482 841 1569 impetrandam
855 1486 991 1571 gratiam
1003 1487 1112 1572 Regis,
1123 1496 1157 1550 et
1171 1509 1238 1553 non
1253 1497 1431 1573 potuerunt
1442 1515 1452 1571 3
1465 1491 1512 1555 ita
1526 1494 1613 1577 quod
1627 1495 1701 1558 Ma·

547 1584 616 1650 iore
631 1586 784 1653 carebant
797 1609 901 1675 usque
916 1589 957 1653 ad
971 1589 1092 1654 festum
1107 1589 1219 1655 Sancti
1243 1590 1382 1671 Hillarii,
1396 1602 1431 1656 et
1444 1602 1524 1659 tunc
1538 1594 1699 1661 admissus

548 1699 599 1755 est
615 1691 780 1757 Gerardus
793 1693 867 1774 Bat,
877 1693 933 1779 qui
947 1693 1103 1760 remansit
1117 1693 1226 1759 Maior
1236 1716 1339 1780 usque
1354 1696 1396 1760 ad
1409 1697 1530 1761 festum
1546 1698 1700 1785 Symonis

547 1802 582 1859 et
595 1794 692 1859 Jude.

633 1898 657 1964 J
658 1899 802 1964 ohannes
817 1901 857 1964 de
874 1899 1028 1964 Geseorz.

634 2003 788 2089 Mychacl
804 2004 931 2090 Thovy.

591 2106 667 2170 Hoc
686 2128 772 2171 anno
796 2106 942 2171 dedicata
963 2116 1014 2170 est
1036 2106 1169 2171 ecclesia
1195 2106 1306 2172 Sancti
1328 2109 1419 2172 Pauli
1445 2109 1699 2177 Londoniarum.

548 2209 625 2274 Hoc
639 2231 725 2274 anno
739 2209 858 2275 iterum
872 2210 994 2276 electus
1005 2208 1170 2274 Gerardus
1183 2209 1257 2288 Bet,
1268 2211 1387 2291 Maior,
1400 2234 1474 2276 cum
1490 2234 1554 2298 quo
1569 2215 1699 2298 quidam

548 2311 647 2378 Cives
672 2323 882 2399 perrexerunt
903 2314 989 2399 apud
1005 2313 1189 2378 Wodestok
1215 2315 1255 2378 ad
1278 2315 1370 2379 illum
1391 2317 1655 2400 presentandum,
1668 2328 1701 2383 et

547 2416 711 2482 Dominus
726 2418 799 2483 Rex
813 2417 919 2481 noluit
933 2438 1008 2482 eum
1025 2415 1072 2481 ibi
1087 2414 1267 2496 admittere,
1283 2427 1456 2502 antequam
1471 2419 1597 2484 veniret
1612 2420 1700 2484 Lon-

549 2521 665 2587 doniis.
709 2520 756 2585 Et
779 2542 853 2585 cum
867 2520 1011 2585 venisset
1025 2518 1071 2584 ibi
1092 2520 1189 2585 tertia
1211 2520 1274 2599 die,
1289 2520 1421 2586 admisit
1440 2543 1527 2601 eum,
1542 2531 1575 2587 et
1597 2545 1700 2588 sacra-

548 2633 660 2690 mento
675 2645 734 2688 suo
749 2633 892 2710 accepto,
908 2625 994 2709 quod
1010 2623 1129 2703 omnia,
1144 2624 1234 2709 prius
1257 2634 1351 2709 capta
1365 2634 1399 2688 et
1413 2635 1554 2710 accepta,
1568 2627 1700 2690 restitu-

548 2739 626 2811 eret,
641 2737 676 2795 et
702 2729 746 2795 xl.
755 2728 852 2794 libras
878 2751 945 2794 non
970 2729 1139 2814 acciperet,
1153 2750 1235 2814 quas
1250 2727 1394 2793 Maiores
1417 2739 1512 2794 antea
1526 2751 1545 2793 a
1560 2730 1700 2795 Ciuitate

548 2854 661 2918 capere
681 2832 839 2912 solebant,
854 2831 937 2897 dixit
961 2831 995 2896 in
1021 2853 1150 2896 recessu
1175 2851 1245 2909 suo,
1260 2833 1283 2867 “
1295 2829 1390 2894 Heu!
1414 2831 1567 2910 Domine,
1582 2855 1620 2897 ex
1637 2833 1700 2897 hiis

546 2957 678 3022 possem
703 2935 803 3001 filiam
828 2958 933 3002 meam
960 2933 1140 2998 maritare.’'
1185 2933 1232 2996 Et
1252 2932 1313 2996 hac
1336 2931 1376 2997 de
1398 2955 1495 2997 causa
1518 2943 1627 2997 motus
1650 2944 1702 3000 est

547 3040 619 3105 Rex
643 3041 679 3104 in
703 3040 912 3119 iracundiam,
927 3048 962 3104 et
983 3035 1199 3102 incontinenti
1218 3035 1341 3120 juravit
1363 3058 1460 3120 super
1474 3035 1572 3100 altare
1588 3036 1700 3103 Sancti

548 3143 707 3229 Stephani
728 3165 787 3229 per
809 3142 965 3207 Sanctum
988 3140 1195 3219 Edwardum,
1210 3149 1244 3204 ct
1263 3161 1321 3224 per
1343 3161 1439 3203 suum
1462 3149 1699 3205 sacramentum

549 3247 636 3330 quod
663 3267 702 3309 eo
718 3245 771 3308 dic
794 3242 1024 3308 conficiebatur
1043 3241 1078 3305 in
1101 3241 1157 3305 illo
1181 3241 1290 3314 altari;
1314 3241 1436 3321 dicens,
1450 3245 1473 3280 “
1481 3241 1543 3322 Tu,
1555 3264 1622 3307 non
1637 3242 1699 3307 eris

548 3349 657 3414 Maior
671 3349 735 3413 boc
749 3369 846 3428 anno,
855 3357 890 3413 et
903 3368 962 3433 pro
974 3346 1108 3411 minimo
1124 3345 1275 3424 dicerem,
1287 3345 1374 3429 quod
1389 3367 1567 3430 nunquam.
1596 3346 1700 3424 Vade,

548 3452 680 3517 modo.’'
725 3450 784 3516 lllc
800 3461 909 3516 autem
922 3449 1096 3530 Gerardus,
1108 3447 1223 3512 nolens
1233 3445 1351 3511 habere
1363 3447 1614 3513 malivolentiam
1629 3447 1700 3512 Do·

548 3557 628 3623 mini
649 3555 758 3642 Regis,
773 3554 909 3641 reliquid
928 3553 1138 3632 Maioratum,
1152 3561 1186 3616 et
1206 3551 1346 3615 directus
1367 3560 1418 3616 est
1438 3550 1635 3636 Reginaldus
1659 3551 1700 3616 de

548 3665 674 3750 Bange,
686 3660 795 3727 Maior
810 3658 1064 3724 Londoniarum.

634 3767 657 3831 J
658 3766 802 3831 ohannes
817 3761 902 3826 filius
917 3762 940 3826 J
942 3759 1078 3825 ohannis
1088 3757 1181 3845 Vyel

633 3867 777 3934 Thomas
793 3865 833 3930 de
848 3863 1024 3928 Dunelmo.

327 3970 456 4036 Min*
464 3969 527 4021 Μ’·
594 3975 671 4039 Hoc
694 3992 780 4037 anno
806 3970 910 4034 lactus
936 3975 988 4031 est
1010 3962 1137 4049 eclipsis
1161 3961 1239 4028 solis
1261 3961 1345 4026 infra
1375 3959 1574 4046 quindenam
1602 3962 1703 4028 Sanct

549 4076 721 4145 Michaelis
736 4073 820 4140 circa
833 4071 947 4136 horam
961 4089 1092 4148 nonam,
1108 4066 1187 4132 dum
1202 4064 1376 4151 sepelietur
1392 4063 1549 4149 Rogerus,
1566 4061 1704 4150 Episco-
