3930 5088
558 581 619 638 116
912 593 1073 640 cronica
1097 592 1276 640 naroauu
1296 595 1342 640 ur

555 744 735 810 habuerent
748 743 783 808 in
797 745 952 830 predictis
975 745 1112 825 retibus,
1126 745 1309 830 adjudicata
1330 767 1402 812 esse
1424 755 1537 811 contra
1559 746 1706 831 predicta

557 856 689 911 statuta.
742 847 847 933 Super
871 848 958 932 quod
977 846 1148 932 judicium,
1171 847 1302 932 quidam
1332 848 1429 914 Cives
1454 849 1578 914 diverse
1605 850 1705 914 senti·

558 961 674 1029 erunt3
698 949 794 1034 aliqui
810 970 887 1014 vero
903 950 1055 1015 dixerunt
1070 950 1159 1036 quod
1172 949 1227 1014 illa
1241 973 1317 1037 pars
1332 952 1550 1032 solummodo,
1566 973 1628 1037 que
1643 951 1708 1015 fuit

557 1052 641 1116 mala
661 1062 695 1116 et
708 1051 840 1138 injusta,
855 1051 953 1118 debet
974 1052 1184 1133 concremari,
1209 1061 1243 1118 et
1266 1053 1327 1118 alie
1342 1063 1461 1138 partes,
1487 1076 1550 1138 que
1572 1054 1706 1118 fuerunt

556 1153 643 1219 bone
658 1167 691 1219 et
704 1154 833 1239 legales,
858 1155 980 1220 debent
1006 1155 1139 1220 salvarit
1162 1163 1196 1220 et
1215 1165 1360 1220 econtra
1375 1154 1457 1220 dixit
1472 1154 1594 1220 Civitas
1616 1175 1706 1219 com·

559 1256 710 1336 munitor,
723 1259 843 1343 “quod
858 1267 937 1338 rete,
953 1258 1045 1343 cujus
1060 1279 1135 1344 pars
1158 1267 1210 1323 est
1223 1259 1319 1338 mala,
1338 1268 1444 1324 totum
1460 1267 1512 1324 est
1526 1258 1657 1332 malum,
1672 1266 1707 1321 et

559 1360 647 1444 quod
669 1360 768 1424 nichil
793 1381 852 1446 per
877 1359 964 1425 illam
990 1369 1126 1445 partem,
1150 1382 1213 1446 que
1240 1359 1325 1425 mala
1347 1368 1408 1439 est,
1423 1367 1536 1444 posset
1549 1357 1707 1444 piscando

559 1462 694 1546 operari,
710 1461 772 1526 nisi
787 1461 848 1526 alie
862 1461 1006 1546 predicte
1021 1473 1129 1547 partes
1155 1463 1295 1528 fuissent
1319 1462 1350 1527 ei
1373 1463 1576 1540 adherentes,
1602 1471 1636 1526 et
1661 1461 1707 1524 ita

560 1563 658 1629 debet
682 1573 790 1628 totum
814 1565 878 1628 tale
901 1573 969 1628 rete
999 1564 1205 1630 concremari.
1276 1565 1369 1630 Sicut
1396 1565 1532 1650 contigit
1560 1564 1648 1650 quod
1678 1565 1707 1627 si

560 1667 692 1731 dextera
716 1664 858 1730 hominis
883 1665 980 1730 unius
1006 1667 1117 1731 fecerit
1146 1667 1308 1746 ieloniam,
1332 1667 1394 1732 alia
1422 1689 1537 1732 manus
1553 1689 1612 1730 sua
1631 1688 1706 1732 cum

560 1778 632 1834 toto
647 1791 781 1854 corpore
797 1769 881 1833 solet
894 1769 1022 1853 puniri3
1045 1769 1192 1835 similiter
1206 1770 1316 1849 homo,
1331 1770 1387 1854 qui
1412 1769 1524 1834 iecerit
1543 1768 1707 1846 feloniam,

559 1894 673 1937 omnes
688 1873 718 1936 ei
741 1872 933 1936 adherentes
957 1881 991 1936 et
1017 1873 1257 1938 consentientes
1280 1870 1484 1956 punirentur.
1526 1872 1584 1952 Et,
1597 1871 1707 1951 etiam,

350 2011 363 2041 0
466 2028 473 2041 .
559 1975 601 2039 ad
612 1974 796 2060 exemplum
811 1980 825 2053 Ι
831 1974 919 2059 quod
934 1975 996 2039 alia
1010 1975 1079 2040 viee
1094 1973 1173 2039 talia
1192 1973 1273 2039 retia
1284 1973 1417 2039 omnino
1432 1973 1563 2038 fuerunt
1577 1993 1708 2038 concre-

560 2087 657 2156 mata,
673 2086 908 2142 consenserunt
933 2076 1030 2142 Cives
1057 2077 1272 2142 communiter
1286 2077 1373 2162 quod
1396 2076 1451 2141 illa
1470 2076 1585 2141 eodem
1608 2075 1708 2141 modo

559 2181 699 2244 fuissent
721 2178 914 2263 dampnata3
948 2179 1050 2244 etsie
1072 2180 1195 2246 factum
1216 2179 1289 2257 fuit,
1314 2179 1414 2263 quod,
1437 2177 1531 2245 tertia
1555 2177 1609 2242 die
1630 2187 1708 2262 post

559 2285 679 2348 festum
707 2281 818 2346 Sancti
840 2281 1023 2361 Michaelis,
1041 2283 1150 2347 omnia
1175 2282 1229 2346 illa
1243 2281 1323 2346 retia
1337 2281 1371 2345 in
1388 2280 1494 2346 medio
1509 2280 1708 2365 Westohepe

558 2385 692 2448 fuerunt
717 2394 929 2461 concremata,
944 2405 1081 2449 numero
1103 2383 1187 2449 circa
1197 2383 1321 2469 viginti.
1375 2384 1428 2449 Ita
1441 2383 1530 2469 quod
1554 2383 1654 2449 nichil
1668 2382 1710 2447 de

559 2485 622 2550 illis
638 2485 799 2549 salvatum
815 2485 886 2548 luit.

341 2601 506 2650 ommate-i
482 2616 532 2648 aas
604 2588 650 2651 Et
665 2587 921 2666 memorandum,
938 2589 1026 2672 quod
1047 2597 1127 2654 tunc
1147 2589 1302 2675 temporis
1325 2590 1419 2675 plura
1438 2589 1479 2655 de
1502 2589 1564 2654 illis
1586 2589 1709 2655 retibus

342 2667 378 2713 Tu
340 2667 456 2778 Μ
471 2667 550 2714 ⁰¹‘⁸²⁰⁸
500 2701 655 2777 meapte
677 2691 809 2754 fuerunt
834 2701 925 2755 extra
945 2691 1144 2756 Thamisiam
1168 2701 1202 2758 et
1227 2702 1319 2756 extra
1341 2692 1522 2758 libertatern
1539 2693 1709 2758 Civitatis·
1699 2717 1710 2774 3

339 2812 419 2908 gem
411 2803 469 2907 r'm
456 2747 548 2908 “Em
562 2807 613 2861 set
626 2797 689 2861 hoc
703 2796 823 2860 factum
841 2817 901 2881 per
915 2805 1110 2882 potestatem
1136 2795 1376 2862 Constabularii
1390 2796 1502 2860 Turris
1526 2797 1712 2862 Londonia-

562 2922 645 2979 rum,
661 2921 716 2985 qur
706 2898 793 2963 fuit
810 2898 931 2964 Custos
948 2899 1109 2964 Civitatis.

341 3023 486 3069 noemma
606 3003 857 3067 Memorandum
873 3004 959 3088 quod
974 3005 1037 3068 hoc
1052 3024 1151 3081 anno,
1165 3012 1241 3088 post
1259 3003 1381 3067 festum
1397 3002 1508 3068 Sancti
1529 3002 1711 3084 Michaelis,

339 3094 379 3198 ἐἴ
376 3087 553 3206 fflffiffi
564 3115 597 3169 et
622 3106 720 3170 etiam
735 3126 794 3190 per
808 3105 950 3190 quinque
976 3104 1173 3189 septimanas
1189 3113 1264 3168 ante
1279 3104 1403 3170 dictum
1417 3106 1538 3170 festum
1547 3106 1710 3172 Dominus

342 3217 473 3262 aalma
484 3216 552 3263 misso
566 3207 635 3269 Rex
651 3205 741 3269 misit
755 3204 892 3268 Civibus
907 3204 1151 3268 Londoniarum
1176 3203 1274 3269 breve
1301 3227 1407 3284 suum,
1422 3207 1580 3272 mandans
1605 3207 1651 3272 eis
1676 3217 1714 3272 ut

342 3281 438 3392 ,⁰333ss
449 3282 532 3392 212⁸,sp
499 3346 535 3391 ια,
563 3328 623 3392 pro
648 3326 757 3369 amore
781 3327 841 3369 suo
871 3327 907 3369 ee
935 3315 1145 3390 prepararent
1171 3305 1212 3370 ad
1238 3305 1420 3370 faciendum
1445 3308 1475 3372 ei
1490 3307 1658 3372 servitium
1673 3308 1713 3374 de

565 3405 760 3472 Butelan'a
752 3407 889 3470 infesto
916 3407 1027 3471 Sancti
1050 3405 1202 3471 Edwardi
1227 3407 1375 3490 proximo
1400 3408 1559 3493 sequenti,
1580 3409 1713 3493 quodie

563 3509 634 3594 ipse
656 3518 870 3604 proposuerat
896 3511 1067 3574 transferre
1091 3531 1209 3594 corpus
1235 3509 1380 3595 ejusdem
1407 3509 1528 3590 Sancti,
1547 3512 1664 3597 etipse
1679 3521 1714 3576 et

564 3601 688 3697 Regina
702 3633 761 3674 sua
784 3633 937 3676 coronam
962 3623 1100 3697 portare.
1147 3611 1255 3690 Cives,
1269 3633 1358 3691 vero,
1373 3612 1449 3676 licet
1463 3621 1541 3676 tunc
1556 3614 1713 3697 temporis

564 3713 627 3778 tale
657 3710 827 3776 servicium
857 3711 898 3775 de
925 3711 1035 3777 debito
1059 3733 1126 3775 non
1156 3711 1360 3791 tenebantur,
1390 3720 1509 3788 tamen,
1543 3733 1603 3795 pro
1626 3711 1714 3778 bona

563 3803 732 3878 voluntate
758 3832 817 3874 sua
842 3810 991 3876 habenda
1005 3813 1045 3877 ad
1071 3813 1134 3876 hoc
1154 3833 1324 3876 assensum
1339 3809 1537 3895 prebuerunt
1551 3821 1585 3876 et
1598 3834 1714 3899 prepa-

565 3924 719 3980 raverunt
744 3936 790 3994 se,
810 3935 885 3978 curn
909 3935 1026 3998 magno
1052 3922 1149 3978 custo
1173 3923 1207 3977 et
1225 3914 1377 3998 expensis
1404 3914 1539 3999 magnis,
1561 3915 1715 3982 nobiliter

565 4017 721 4082 investito
751 4015 792 4080 de
819 4016 971 4080 scarletto
995 4025 1029 4083 et
1055 4013 1168 4096 serico,
1195 4025 1229 4080 et
1253 4015 1288 4079 in
1313 4016 1383 4081 aliis
1407 4015 1608 4082 indumentis
1635 4019 1714 4082 satis

566 4119 766 4186 decentibus.
812 4119 858 4183 Et
881 4139 954 4183 cum
978 4117 1087 4182 omnia
1111 4127 1223 4204 parata
1246 4118 1394 4200 fuissent,
1410 4129 1443 4184 et
1459 4119 1556 4186 Cives
1571 4121 1715 4206 prompti
