3930 5088
558 603 600 661 96
904 617 1067 662 onosron
1090 617 1267 662 unroeorr
1293 619 1337 662 ετ

556 767 619 831 fnit
633 767 731 832 breve
747 767 882 832 Domini
901 767 999 854 Regis
1019 769 1267 834 dominoAlcno
1280 770 1312 834 lc
1325 767 1446 845 Zuche,
1462 768 1602 834 Custodi
1617 768 1712 833 Civi-

557 871 644 949 tatis,
664 881 698 934 et
723 871 858 949 civibus,
882 872 1097 957 precipientes
1121 883 1159 936 ut
1179 873 1349 939 Johcnnes
1370 871 1515 935 Addn'en
1541 881 1576 935 et
1598 871 1711 934 Lucas

557 971 597 1036 de
614 973 787 1036 Betencurt
801 985 1004 1037 remunerent
1019 975 1133 1040 Balliri
1146 997 1248 1060 usque
1260 975 1301 1038 ed
1312 975 1489 1040 edventum
1501 995 1598 1037 suum
1616 974 1711 1037 lon-

557 1075 674 1154 doniis,
688 1087 722 1139 et
737 1076 782 1140 sic
798 1088 1021 1140 remanserunt
1041 1078 1158 1142 Bellivi
1185 1099 1287 1163 usque
1312 1077 1354 1140 sd
1371 1079 1503 1142 Psscnm
1525 1077 1709 1161 proximam

614 1199 695 1242 nens

334 1315 408 1358 Am
419 1305 519 1356 Dentur·
557 1197 614 1263 ”q
640 1223 808 1346 Joiiennes
824 1279 979 1346 Addrien.

333 1375 502 1500 ’ᾗῇ-ξ’·
639 1383 746 1449 Lucas
762 1383 802 1447 de
820 1385 1007 1448 Bntenourt.

325 1507 386 1565 sato
394 1473 477 1550 euitat
598 1487 673 1551 Hoc
687 1509 773 1551 enno
788 1487 951 1550 Dominus
967 1488 1049 1564 Rex,
1064 1486 1192 1551 rediens
1215 1487 1255 1550 de
1276 1483 1502 1571 Salopesbery,
1520 1485 1604 1548 foeta
1626 1505 1708 1548 oon-

326 1566 526 1693 ffiffissg
553 1590 661 1654 cordis
674 1592 759 1655 inter
773 1591 881 1674 ipsum
896 1599 930 1654 et
945 1590 1145 1655 Lewelinum
1168 1590 1349 1674 principem
1365 1587 1493 1664 Wellie,
1508 1587 1600 1650 venit
1616 1587 1707 1648 Lon-

332 1698 391 1758 nqis
402 1698 427 1758 ‘J'-
553 1693 659 1758 doniis
673 1693 707 1758 in
722 1693 829 1778 vigilie
841 1692 952 1756 Sancti
967 1693 1129 1771 Edwardi,
1147 1693 1244 1776 Regis
1259 1703 1293 1756 et
1307 1690 1526 1756 Confessoris.

334 1825 499 1888 „dmm
598 1795 672 1860 Hoc
686 1816 771 1858 enno
794 1795 877 1858 circe
899 1794 1019 1859 festum
1046 1795 1157 1859 Sancti
1183 1794 1354 1860 Michaelis
1373 1791 1540 1878 provisum
1563 1789 1625 1853 suit
1646 1811 1708 1875 per

333 1888 541 2001 Μῶωζξξπᾶὺ
552 1894 723 1960 eonsilium
738 1897 872 1960 Domini
884 1898 994 1982 Regis,
1009 1897 1097 1982 quod
1112 1899 1196 1962 facte
1211 1897 1327 1960 fuisset
1341 1895 1509 1979 inquisitio
1523 1914 1582 1977 per
1596 1903 1704 1956 totum

333 1973 490 2082 ieiqiiinde
552 1999 809 2083 regnumAnglie
819 1999 860 2064 de
871 2000 1257 2084 articuli‚quisubnoteti
1269 2008 1347 2064 sunt
1356 1996 1528 2074 Gallice,in
1539 1995 1704 2061 hoclibro.

332 2085 479 2197 ᾖξ”ηξζῗζ
598 2102 700 2166 Porco
715 2100 756 2164 ke
770 2101 793 2165 li
810 2102 886 2166 Reis
903 2100 1086 2186 dengletere
1101 2103 1141 2166 ad
1156 2101 1241 2166 done
1253 2102 1300 2165 les
1312 2111 1412 2164 terres
1425 2099 1466 2163 de
1475 2099 1604 2183 plusurs
1613 2119 1704 2183 gens,

334 2183 499 2290 &quinne
553 2205 596 2269 ke
610 2215 672 2268 unt
685 2215 786 2267 terres
798 2225 838 2268 en
850 2205 993 2269 diverses
1004 2203 1169 2269 Countees
1184 2214 1218 2269 et
1229 2226 1269 2269 en
1285 2203 1429 2268 diverses
1442 2201 1609 2279 Hundres,
1623 2223 1706 2285 pour

334 2279 515 2390 ᾔᾝζῗω
555 2309 592 2372 ce
607 2316 687 2370 rout
701 2306 734 2385 il,
750 2307 790 2370 ke
804 2306 835 2370 le
850 2307 884 2371 in
899 2329 1062 2392 enquerge
1077 2307 1111 2372 ki
1126 2316 1204 2372 sunt
1218 2308 1317 2372 feiffie
1340 2329 1398 2391 par
1411 2305 1464 2384 lie,
1479 2327 1521 2369 en
1536 2306 1611 2390 quel
1622 2305 1707 2368 hun-

333 2406 530 2483 ffltt‘fft‘it,
556 2410 646 2488 dred,
661 2410 718 2474 des
744 2420 845 2474 terres
870 2409 910 2475 de
936 2409 1002 2474 cels
1010 2435 1020 2489 3
1043 2410 1077 2472 ki
1098 2411 1163 2475 lein
1187 2411 1247 2489 dit,
1274 2410 1316 2474 lre
1331 2411 1440 2474 forent
1464 2419 1576 2474 contre
1591 2408 1637 2472 lui
1662 2429 1704 2471 en

333 2475 414 2597 111110
415 2477 543 2582 ww
556 2521 626 2578 cest
639 2522 844 2576 emovement
859 2512 900 2576 de
916 2533 973 2574 son
990 2533 1098 2596 regne,
1120 2523 1154 2576 et
1172 2513 1212 2579 de
1235 2513 1345 2598 queles
1365 2521 1466 2576 terres
1481 2511 1503 2575 il
1520 2522 1597 2574 sunt
1610 2511 1706 2589 feffie,

325 2628 367 2687 so.
380 2627 426 2674 105
438 2630 472 2672 ιι.
556 2624 591 2678 et
610 2635 629 2676 a
651 2613 684 2676 iri
699 2613 783 2678 celes
803 2622 903 2677 terres
927 2613 1046 2692 iurent,
1067 2636 1086 2678 e
1103 2613 1137 2678 ki
1157 2615 1204 2678 les
1217 2619 1298 2678 tient
1318 2633 1384 2690 ore,
1405 2611 1471 2676 eki
1487 2618 1561 2691 unt}
1575 2613 1643 2696 pris
1657 2612 1705 2676 les

556 2717 675 2802 espleiz
690 2717 731 2781 de
746 2717 829 2781 celes
845 2725 945 2781 terres
960 2737 1023 2800 pus
1038 2717 1087 2782 cel
1101 2739 1188 2794 oeus,
1203 2728 1238 2782 et
1253 2739 1295 2781 ou
1311 2716 1334 2779 il
1350 2724 1428 2779 sunt
1441 2715 1598 2780 devenuz.

600 2820 724 2883 Dentre
739 2828 822 2903 part,
836 2818 859 2882 il
873 2827 951 2884 veut
965 2840 1057 2882 sever
1070 2818 1111 2883 ke
1137 2819 1201 2883 lein
1217 2838 1378 2902 enquerge
1399 2815 1434 2880 ki
1456 2824 1517 2878 unt
1541 2816 1608 2900 pris
1623 2815 1707 2879 autri

557 2933 659 2988 terres
679 2943 698 2984 ιι
719 2922 807 2987 force
825 2943 883 3006 par
902 2921 1067 2986 enchesun
1083 2921 1136 2984 del
1150 2919 1297 2984 avantdit
1323 2928 1510 2982 movement
1532 2919 1584 2982 del
1599 2940 1706 3002 regne,

558 3035 592 3090 et
605 3026 652 3089 les
668 3024 816 3089 detinent
835 3045 916 3087 enco
933 3035 967 3088 et
989 3045 1047 3087 nes
1068 3034 1129 3087 unt
1149 3045 1208 3107 pes
1224 3021 1362 3085 rendues
1377 3041 1419 3083 eu
1435 3019 1505 3098 Rei,
1526 3031 1560 3086 et
1582 3022 1636 3105 qui
1657 3022 1705 3085 les

558 3128 664 3192 tinent
678 3137 712 3189 et
725 3147 784 3209 por
803 3126 877 3210 quel
895 3135 1018 3209 garant.

603 3229 634 3291 11
654 3235 733 3290 veut
763 3225 805 3289 ke
828 3225 893 3289 lein
920 3247 1091 3310 enquerge,
1119 3225 1154 3289 ki
1177 3234 1239 3288 unt
1260 3236 1329 3290 este
1351 3235 1463 3290 contre
1485 3225 1531 3290 lui
1562 3249 1604 3291 en
1638 3236 1707 3292 oest

557 3331 660 3406 beret,
675 3349 774 3391 ouen
794 3327 841 3391 iet
856 3349 898 3391 ou
918 3349 959 3392 en
974 3329 1033 3406 dit,
1055 3337 1089 3392 et
1107 3329 1135 3391 si
1156 3327 1204 3391 les
1224 3337 1325 3393 terres
1340 3351 1383 3394 ou
1397 3329 1444 3394 les
1459 3328 1552 3394 biens
1568 3331 1608 3394 de
1631 3353 1705 3396 cens

559 3441 636 3496 sunt
651 3449 766 3493 encore
782 3429 883 3492 dones
898 3451 942 3494 ou
957 3452 1025 3494 nun
1041 3452 1100 3516 per
1114 3431 1144 3494 le
1160 3429 1221 3494 Rei
1232 3451 1276 3494 ou
1287 3453 1346 3516 per
1357 3432 1414 3494 nul
1429 3431 1470 3495 de
1482 3453 1570 3495 sens.

602 3534 650 3597 Le
665 3532 699 3594 in
714 3551 854 3615 enquera
865 3531 1011 3596 eusibien
1027 3533 1083 3596 des
1099 3532 1309 3612 Eroeveskes‚
1325 3531 1482 3610 Eveskes,
1498 3532 1538 3596 de
1547 3542 1618 3598 tute
1628 3555 1706 3619 gens

559 3636 600 3701 de
620 3633 764 3719 religion,
780 3633 820 3696 de
835 3634 911 3717 quel
924 3634 1018 3698 ordre
1040 3634 1082 3699 ke
1102 3633 1127 3697 il
1149 3633 1263 3712 seient,
1288 3656 1360 3698 cum
1384 3634 1425 3699 de
1443 3655 1599 3718 persones
1618 3645 1652 3700 et
1666 3636 1707 3702 de

559 3745 730 3824 prestrese
745 3735 786 3798 de
801 3735 881 3799 clers
897 3756 915 3800 e
931 3736 970 3799 de
985 3744 1055 3800 tute
1070 3745 1161 3800 autre
1177 3757 1306 3801 manere
1320 3736 1464 3821 degens,
1478 3735 1560 3800 kice
1572 3747 1658 3816 sunt,
1673 3739 1708 3803 ki

561 3847 763 3926 spertement
777 3846 985 3924 procurerent
1001 3837 1041 3901 de
1055 3837 1212 3902 busunies
1228 3838 1268 3902 de
1290 3837 1398 3904 Cunte
1421 3838 1462 3901 de
1485 3838 1659 3917 Leicestre,
1674 3851 1709 3906 et

562 3943 627 4008 cels
641 3942 683 4007 ke
698 3941 843 4006 tindrent
856 3939 900 4005 od
921 3939 967 4004 lui
986 3963 1028 4006 en
1043 3949 1168 4006 etremt
1181 3939 1212 4004 le
1226 3951 1306 4027 gent
1318 3963 1377 4028 per
1395 3962 1589 4026 menconges
1604 3952 1638 4007 et
1652 3966 1710 4028 per

562 4047 715 4124 iaucetes,
726 4043 896 4130 perpriser
908 4045 940 4108 la
953 4043 1058 4131 partie
1072 4044 1103 4109 le
1115 4041 1255 4125 Counte,
1266 4055 1300 4111 et
1313 4045 1436 4110 blamer
1449 4046 1481 4110 ln
1495 4045 1638 4130 particle
1650 4047 1709 4112 Rei

561 4159 597 4215 et
611 4171 673 4213 sun
687 4147 739 4212 fiz.
