3898 5022
424 479 498 546 clxx
941 499 1118 545 essssos.

423 659 482 710 txte
494 649 637 710 nominato
651 669 695 710 os.
730 649 767 708 ln
779 649 860 727 enjus
878 651 921 710 rei
935 652 1124 710 testimonium
1137 649 1261 730 sigillum
1275 669 1357 710 suom
1370 649 1509 728 apposuit.
1543 649 1623 708 nau

423 749 469 808 die
482 756 512 806 et
525 767 600 807 auno
613 745 789 825 supradietis.

463 845 498 904 In
511 846 624 904 nomine
637 863 745 904 mmme
758 853 787 904 et
805 843 948 904 individue
962 845 1119 914 Trinitatis,
1132 845 1219 922 patris
1232 855 1261 904 et
1279 845 1329 904 lilii
1347 855 1376 904 et
1394 845 1508 922 spiritus
1522 843 1621 910 saneti,

421 943 581 1002 beatissime
595 941 651 1001 Dei
664 941 806 1019 genitricis
820 941 914 1000 Meris
929 942 1070 1018 totiusque
1083 941 1193 1000 selentia
1207 943 1292 1000 ourie.
1323 943 1428 1002 Amen.
1470 941 1534 1018 Ego
1547 939 1622 999 Wil-

421 1040 522 1098 lelmus
538 1039 665 1118 Phelipp,
684 1041 813 1098 dominus
833 1039 965 1110 liardolff,
979 1041 1007 1098 in
1021 1059 1082 1098 mee
1094 1039 1267 1098 disemdonis
1281 1039 1406 1098 examine
1423 1039 1570 1098 revolvens
1585 1035 1623 1094 sd

420 1144 618 1196 seeummmm
631 1157 724 1196 meum
737 1136 913 1196 condendum
925 1145 954 1194 et
966 1156 1058 1196 metm
1071 1135 1200 1196 nltimam
1209 1137 1381 1196 voluntatem
1395 1136 1516 1195 finaliter
1528 1133 1621 1194 decla·

420 1233 546 1302 rendam,
568 1232 635 1292 dum
654 1233 748 1293 adhue
771 1253 839 1293 asna
861 1242 890 1292 et
913 1235 1017 1292 recenti
1040 1234 1150 1310 gaudeo
1173 1235 1315 1302 memoria,
1340 1233 1489 1310 prooedere
1510 1232 1621 1292 decrevi

420 1329 453 1390 in
473 1328 547 1388 buno
567 1330 690 1389 modum.
739 1331 774 1390 ln
797 1331 893 1408 primis
915 1331 1052 1406 siquidem
1074 1331 1104 1387 in
1128 1329 1285 1388 sineeritate
1308 1329 1373 1388 fidei
1391 1328 1526 1388 natholioe
1549 1329 1622 1386 exis·

418 1433 482 1485 tens
503 1427 699 1506 Omnipotenti
724 1429 789 1488 Deo
809 1429 928 1487 creatori
952 1447 1016 1486 meo
1038 1427 1161 1486 animam
1183 1445 1275 1485 meam
1299 1445 1350 1484 suo
1373 1426 1499 1505 preoioso
1522 1444 1621 1484 eruore

418 1526 590 1602 redemptam
603 1527 667 1603 lego
680 1534 709 1584 et
721 1545 783 1585 eom
797 1527 851 1584 sibi
864 1526 988 1584 interiori
999 1525 1145 1584 devotione
1155 1543 1211 1602 qus
1224 1543 1338 1602 possum
1352 1543 1417 1583 oum
1430 1525 1506 1582 omni
1518 1523 1620 1582 mentis

418 1621 555 1680 dmiderio
568 1623 741 1681 commendo.
781 1621 839 1682 Pro
852 1641 967 1698 eorpore
980 1639 1047 1679 vero
1065 1640 1136 1688 meo,
1157 1630 1190 1679 ut
1208 1621 1295 1679 moris
1313 1629 1366 1688 est,
1383 1619 1576 1686 subterrando,
1590 1619 1621 1678 in

417 1737 593 1796 quecumque
612 1718 709 1777 mundi
731 1726 811 1796 parte
830 1718 962 1778 desedere
981 1737 1027 1776 me
1047 1719 1201 1795 contingat,
1221 1719 1295 1776 inter
1310 1717 1383 1776 bone
1401 1717 1535 1776 memorie
1555 1735 1619 1793 pro-

414 1815 560 1892 genitores
576 1825 605 1874 et
625 1827 753 1894 parentes
775 1835 853 1874 meos
871 1816 947 1893 apud
968 1814 1141 1894 Denyngton
1164 1815 1239 1873 infra
1258 1813 1395 1891 oapeliam
1415 1813 1517 1874 Sancte
1542 1815 1620 1874 Μαι·

415 1921 515 1990 garete
529 1913 657 1990 Virginis
676 1922 705 1972 et
718 1915 840 1972 martiris
853 1933 947 1972 eoram
961 1912 1048 1971 altare
1060 1912 1164 1970 ibidem
1177 1911 1253 1988 eligo
1269 1911 1450 1989 sepulturam.
1490 1911 1526 1970 In
1540 1913 1621 1987 eujus

415 2011 504 2068 etiam
522 2009 648 2086 eorporis
674 2009 729 2068 mei
756 2009 964 2068 subterrseione
981 2008 1057 2073 nolo,
1086 2008 1136 2066 sed
1161 2027 1291 2085 expresse
1314 2008 1459 2086 prohibeo,
1480 2017 1513 2068 nt
1532 2027 1624 2084 neque

419 2125 492 2166 uxor
502 2124 575 2174 mea,
589 2105 730 2164 exeustrix
751 2104 910 2183 principalis
929 2106 985 2162 mei
1005 2105 1163 2164 testamenti
1176 2113 1206 2164 et
1224 2105 1323 2165 ultime
1336 2106 1497 2174 voluntatis,
1509 2125 1562 2164 neo
1575 2105 1622 2166 alii

414 2211 581 2262 executores
592 2203 650 2261 mei
662 2221 766 2280 magna
785 2211 814 2260 et
827 2203 936 2260 curiose
954 2203 1062 2260 fociant
1080 2203 1208 2260 convivis
1227 2213 1277 2262 sut
1298 2203 1436 2262 feretrum
1456 2203 1558 2261 subtile
1571 2223 1622 2280 pro

413 2319 465 2359 -me
481 2309 647 2378 preparent,
671 2301 719 2358 sel
744 2307 887 2358 sumtuosa
911 2300 1058 2358 luminario
1084 2319 1135 2377 pro
1158 2319 1204 2358 me
1227 2301 1265 2358 ad
1290 2301 1389 2359 mundi
1415 2319 1546 2378 pompam
1573 2319 1622 2358 seu

412 2396 620 2473 1g'lorism,sed
637 2397 722 2456 modo
741 2396 900 2465 honestiori,
914 2416 971 2474 qno
990 2399 1100 2474 poterit,
1117 2397 1298 2466 ordinentur;
1318 2397 1456 2466 videlieet,
1475 2417 1540 2456 oum
1553 2418 1620 2456 eon·

413 2495 512 2571 tingat
531 2513 631 2572 eorpus
650 2513 744 2552 meum
763 2513 813 2571 per
825 2494 929 2570 petria
948 2494 1024 2552 iufra
1037 2496 1163 2553 civitates
1182 2514 1243 2553 esse
1257 2496 1303 2552 vel
1316 2493 1408 2563 villss,
1422 2495 1487 2553 volo
1501 2504 1541 2565 ut,
1555 2515 1620 2554 oum

419 2591 483 2648 lllss
505 2591 659 2659 inusserit,
676 2591 776 2667 viginti
797 2591 911 2666 torche3
935 2591 1063 2649 ardentes
1085 2611 1150 2649 oum
1173 2609 1236 2650 meo
1257 2591 1361 2649 feretro
1384 2599 1619 2668 transportentur.

422 2689 462 2749 Et
474 2689 552 2766 quod
563 2690 593 2746 in
607 2689 651 2748 die
664 2689 824 2749 trioennnlis
837 2690 912 2747 snei*
927 2690 1091 2747 ordinentur
1103 2689 1179 2746 xxiiii
1193 2687 1314 2766 torches,
1327 2696 1357 2747 et
1373 2689 1449 2748 xxiiii
1465 2691 1620 2757 luminaris,

418 2787 563 2864 quodlibet
575 2788 712 2847 luminare
724 2788 831 2846 fuctum
844 2787 879 2845 de
896 2787 937 2845 iiii
954 2787 1033 2846 libris
1047 2806 1117 2854 rere,
1132 2788 1206 2845 ciros
1219 2805 1319 2862 eorpus
1337 2806 1439 2855 meum,
1453 2789 1484 2845 in
1498 2787 1621 2864 exequiis

408 2891 446 2942 et
458 2885 550 2942 missis
569 2903 620 2962 pro
640 2885 733 2942 suima
751 2903 814 2942 mes
831 2883 1004 2942 celebrandis
1022 2883 1097 2940 dioto
1115 2883 1159 2940 die
1179 2881 1314 2951 ardenda,
1332 2881 1525 2952 dimittantur;
1549 2901 1620 2960 ques

420 2981 530 3057 quidem
548 2983 657 3056 tor-obes
678 2983 708 3038 in
725 2982 849 3057 exequiis
867 2989 897 3038 et
916 2981 1018 3047 missis,
1038 2988 1071 3038 ut
1091 2980 1239 3056 prefertur,
1258 2979 1431 3038 oelebrsndis
1450 2981 1538 3039 teneri
1554 2979 1621 3038 volo

411 3094 468 3153 *per
481 3077 558 3134 xxiiii
571 3093 705 3152 pauperes
717 3074 845 3132 homines
859 3075 893 3130 de
906 3075 1062 3133 tenentibus
1082 3077 1151 3133 meis
1168 3076 1198 3134 iu
1212 3094 1303 3150 panno
1316 3076 1398 3152 nigro
1412 3077 1538 3134 vestitos.
1581 3075 1621 3135 Et

418 3169 632 3248 predicte-xxiiii
653 3168 801 3226 luminaria
819 3187 869 3244 per
882 3169 1037 3244 predictum
1056 3178 1164 3246 tempus
1185 3189 1234 3248 per
1247 3171 1323 3229 xxiiii
1340 3190 1475 3248 pauperes
1488 3172 1619 3231 mulieres

418 3267 503 3326 etism
517 3267 552 3326 de
564 3265 722 3324 tenentibus
741 3266 813 3323 meis
833 3266 922 3323 teneri
936 3266 1000 3323 volo
1020 3267 1050 3324 in
1071 3287 1162 3343 patine
1181 3269 1245 3327 albo
1259 3270 1383 3327 vestitas.
1424 3271 1544 3346 Quoque
1561 3272 1619 3329 oui·

418 3363 489 3421 libet
511 3361 625 3439 pauperi
642 3360 707 3418 solo
729 3367 758 3418 et
781 3361 893 3438 assigno
916 3372 979 3420 octo
1001 3362 1138 3421 denarios.
1178 3363 1298 3441 Insuper
1309 3366 1396 3423 etiam
1413 3365 1479 3424 volo
1502 3375 1532 3425 et
1555 3367 1619 3444 lego

420 3477 529 3519 summo
546 3457 628 3516 alteri
647 3457 762 3516 eoolesie
774 3458 938 3534 parochialis
952 3459 987 3517 de
1004 3458 1177 3538 Denyngton
1200 3461 1321 3538 predicte
1345 3464 1491 3539 provenis
1515 3483 1533 3521 a
1555 3465 1621 3523 Deo

418 3557 570 3636 optinends
582 3557 617 3615 de
630 3555 744 3614 decimis
758 3555 822 3615 Deo
834 3564 863 3615 et
874 3557 990 3616 ecclesie
1004 3558 1103 3618 debitis
1124 3574 1153 3616 et
1172 3577 1223 3636 per
1236 3579 1281 3618 me
1297 3579 1354 3619 non
1374 3561 1482 3632 solutis,
1504 3561 1554 3620 sed
1571 3579 1621 3639 per

452 3722 466 3750 ⁴
482 3721 533 3770 ‘Ibe
544 3723 609 3770 word
628 3721 759 3770 trioennale
769 3736 818 3768 πυ
833 3721 988 3783 signifieative
999 3722 1026 3768 ol
1040 3737 1071 3768 an
1089 3721 1157 3768 offioa
1174 3724 1201 3769 ot
1215 3723 1289 3784 thirty
1301 3739 1395 3783 masses,
1411 3726 1489 3773 wbleb
1501 3741 1549 3774 was
1564 3741 1619 3788 per-

419 3803 512 3853 formed
523 3805 612 3866 during
628 3818 654 3850 as
670 3818 741 3865 many
753 3805 809 3864 dsys
828 3805 865 3850 lor
882 3804 924 3850 the
935 3803 1056 3860 deomed,
1073 3804 1122 3849 end
1139 3804 1215 3851 henne
1232 3805 1263 3852 its
1279 3807 1424 3867 spplloation
1441 3807 1466 3856 in
1477 3808 1519 3854 the
1530 3808 1580 3854 will
1596 3819 1622 3854 as

413 3887 559 3947 ¹deseriptise
570 3887 597 3934 ol
610 3887 651 3934 the
669 3886 714 3947 ἀι]
725 3887 752 3933 ol
763 3886 850 3944 burial,
863 3886 933 3933 when
948 3886 996 3933 thia
1007 3887 1073 3932 otios
1088 3887 1250 3935 sommenoed.
1282 3887 1339 3940 ibis
1354 3889 1440 3951 phrase
1451 3889 1563 3952 Dugdaie
1579 3889 1623 3938 bn

412 3969 530 4031 :hardly
540 3968 669 4018 hanslsted
680 3970 711 4030 by
722 3968 763 4017 tbe
774 3968 875 4030 English
886 3969 952 4016 word
968 3970 985 3996 ⁴·
994 3967 1205 4020 months-min&
