3930 5088
555 543 810 590 vroncourruu
836 541 1122 587 uounoursnuu.
1353 527 1414 598 173

267 695 529 774 coronationem
551 695 598 761 ita
617 695 706 780 quod
721 714 846 773 omnes,
860 703 927 757 tam
943 713 1102 778 pauperes
1117 714 1215 778 quam
1230 693 1357 773 divites,
1372 694 1414 758 ad

267 797 530 883 solempnitatem
556 795 776 863 coronationis
788 817 846 860 sue
867 794 1088 875 advenientes,
1098 797 1196 880 gratis
1208 796 1414 882 recipientur,

266 908 300 965 et
310 901 419 965 nullus
434 901 623 985 expellatur.

309 1003 511 1068 Editicantur
533 1003 631 1068 etiam
651 1002 736 1067 inira
760 1001 882 1066 dictam
911 1000 1106 1066 clausturam
1129 1008 1181 1065 tot
1206 999 1354 1084 coquina,
1378 1000 1413 1064 in

265 1103 382 1189 quibus
397 1105 548 1170 victualia
562 1105 683 1172 debent
698 1104 860 1190 preparari
871 1104 1112 1170 contradictum
1129 1104 1391 1188 solempnitatem
1403 1128 1414 1183 3

265 1208 305 1271 de
320 1207 438 1292 quibus
452 1230 520 1274 non
535 1219 586 1273 eat
606 1228 774 1272 numerus.
818 1207 865 1272 Et
879 1227 920 1272 ne
934 1207 989 1271 ille
1003 1207 1141 1292 coquina
1156 1207 1362 1286 sufficissent,
1376 1217 1415 1271 ut

263 1309 319 1373 illa
332 1310 585 1375 victualiaineis
600 1333 666 1375 non
689 1310 816 1395 possint
838 1309 1012 1395 preparari,
1033 1309 1141 1394 posita
1166 1318 1245 1374 eunt
1269 1309 1315 1376 ibi
1337 1331 1414 1374 vasa

264 1410 417 1496 plumbea
431 1422 522 1476 extra
536 1411 690 1496 coquinas
704 1409 971 1492 innumerabilia3
1000 1411 1036 1476 in
1050 1410 1168 1497 quibus
1183 1433 1295 1477 carnes
1319 1411 1415 1497 coqui

265 1512 431 1577 deberent.
475 1514 521 1577 Et
536 1512 793 1591 memorandum,
808 1514 897 1597 quod
911 1512 966 1576 illa
987 1535 1104 1597 magna
1128 1514 1278 1599 coquina,
1302 1515 1334 1577 in
1351 1537 1415 1598 qua

265 1614 409 1678 volatilia
423 1623 457 1679 et
470 1615 532 1679 alis
547 1615 667 1680 debent
681 1615 782 1679 assari
800 1615 885 1700 igne,
900 1625 951 1680 est
972 1624 1042 1680 tots
1057 1615 1240 1700 discoperta
1264 1615 1297 1680 in
1315 1617 1414 1679 sumi-

267 1725 332 1780 tate
348 1738 417 1795 sua,
432 1726 469 1780 ut
484 1717 691 1781 omnimodus
707 1717 816 1780 fumus
830 1716 936 1800 possit
950 1717 1047 1780 exire.

308 1817 360 1880 Dc
386 1817 456 1881 aliis
479 1817 684 1896 utensilibus,
714 1817 833 1902 quibus
862 1839 995 1881 necesse
1019 1826 1070 1880 est
1095 1817 1136 1880 ad
1166 1827 1234 1881 tam
1264 1839 1414 1902 magnam

268 1920 390 1983 curiam
417 1920 641 1985 sustinendam
669 1942 736 1984 non
767 1928 879 2005 potest
904 1918 1019 2004 aliquis
1045 1918 1232 2003 inscriptis
1261 1919 1413 2003 redigere.

265 2021 318 2086 De
341 2022 425 2088 vinis
440 2023 545 2089 nescit
568 2023 683 2108 aliquis
708 2023 812 2103 doles,
837 2045 900 2108 que
924 2023 965 2086 ad
990 2023 1053 2086 hoc
1068 2032 1237 2108 preparata
1251 2032 1339 2101 sunt,
1354 2043 1414 2084 nu-

267 2145 401 2189 merare.

307 2225 354 2288 Et
368 2235 406 2290 ut
429 2227 538 2292 omnia
552 2227 754 2308 concludam,
778 2249 976 2313 nunoquam,
991 2226 1061 2292 aliis
1086 2225 1288 2311 temporibus
1312 2238 1414 2292 retro-

264 2328 356 2407 actis,
366 2338 432 2392 tam
445 2351 561 2414 magna
571 2330 739 2414 plenitudo
751 2330 793 2394 de
808 2330 931 2394 deliciis
943 2340 976 2394 et
988 2329 1140 2394 omnibus
1152 2328 1258 2407 bonis,
1268 2351 1331 2415 que
1342 2351 1414 2415 per-

264 2430 371 2494 tinent
385 2431 426 2494 ad
442 2432 676 2497 nobilissimam
692 2432 813 2496 curiam
825 2432 1060 2512 celebrandam,
1074 2432 1137 2495 fuit
1151 2442 1330 2516 preparata.

305 2531 427 2612 sltem,
440 2555 555 2618 magna
569 2533 643 2596 arula
657 2543 690 2597 et
705 2555 804 2618 parva
818 2535 965 2599 dealbate
981 2544 1059 2598 sunt
1070 2534 1111 2599 de
1122 2556 1209 2599 novo
1224 2534 1516 2619 etdepiote3s0.144
1530 2568 1561 2608 vo,

262 2635 308 2700 ita
330 2634 417 2719 quod
441 2636 526 2699 oculi
550 2636 632 2699 infra
651 2635 723 2700 illas
746 2637 937 2702 intrantium
959 2646 994 2700 et
1018 2645 1143 2701 tantam
1163 2635 1414 2720 pulcritudinem

262 2735 473 2816 intuentium,
495 2737 623 2822 plenius
640 2737 761 2802 deliciis
778 2747 812 2802 et
821 2737 939 2821 gaudio
950 2737 1145 2822 repleantur.
1190 2736 1236 2800 Et
1251 2737 1279 2801 si
1294 2739 1415 2822 aliquid

262 2837 347 2902 infra
375 2838 570 2903 clausturam
596 2839 718 2924 pallatii
747 2839 884 2903 Domini
910 2838 1009 2923 Regis
1043 2859 1101 2923 per
1138 2847 1333 2902 vetustatem
1363 2839 1416 2903 vel

262 2938 370 3024 aliquo
392 2940 455 3004 alio
485 2940 584 3005 modo
607 2938 705 3004 luerit
727 2940 866 3004 fractum
888 2938 942 3002 vel
967 2937 1209 3016 deterioratum,
1232 2937 1266 3000 in
1291 2937 1415 3002 bonum

264 3050 385 3106 statum
401 3051 583 3127 reparatum
598 3051 659 3106 est.

305 3151 319 3224 l
327 3145 426 3209 Anno
438 3145 575 3209 Domini
585 3143 774 3223 Millcsimo,
786 3142 866 3208 00⁰.
878 3142 956 3228 xvj⁰.
972 3141 1013 3206 ln
1025 3141 1108 3206 festo
1119 3139 1261 3206 Simonis
1273 3142 1557 3223 etJude,s0.14610.

262 3246 325 3310 luit
339 3269 444 3311 annus
458 3247 549 3332 regni
563 3247 647 3332 regis
664 3247 799 3312 Henrici
813 3246 950 3331 primus.

351 3351 468 3413 Annus
485 3341 582 3434 xvij⁹.
597 3348 660 3412 fuit
674 3371 779 3412 annus
795 3347 968 3412 secundus.

350 3453 466 3515 Annus
482 3443 591 3535 xviij⁹.
605 3451 669 3514 luit
682 3472 788 3514 annus
803 3449 930 3514 tertius.

350 3557 468 3617 Annus
482 3545 567 3618 xix?
582 3553 644 3617 luit
658 3573 763 3616 annus
779 3562 923 3637 quartus.

304 3657 422 3720 Annua
439 3647 598 3720 M⁹.cc⁹.
618 3655 792 3720 vicesimus
824 3653 886 3718 fuit
914 3676 1021 3719 annus
1042 3653 1133 3738 regni
1166 3653 1250 3738 regis
1279 3652 1414 3718 Henrici

263 3759 406 3843 quintus.

345 3860 462 3923 Annus
477 3859 650 3926 vicesimus
665 3859 790 3946 primus
806 3861 868 3924 luit
882 3881 986 3924 annus
1003 3868 1124 3924 sextus.

347 3962 464 4024 Annus
477 3962 652 4028 vicesimus
669 3963 830 4026 secundus
845 3961 907 4025 fuit
921 3982 1027 4024 annus
1043 3959 1212 4044 septimus.

348 4063 465 4126 Annus
481 4056 554 4129 xx⁹.
565 4065 681 4128 tertius
698 4064 759 4128 fuit
773 4085 878 4127 annos
894 4073 1040 4127 octavus.
