3930 5088
542 547 603 605 118
898 557 1059 605 cnorucn
1084 558 1262 606 unrosurr
1287 559 1335 604 sc

319 733 484 782 amaus
583 710 845 792 Memorandum,
856 711 943 798 quod
953 711 1404 778 secundumconsuetudinem
1415 710 1566 778 Civitatis
1576 733 1692 779 omnes

317 799 468 911 m
478 877 515 912 a·
538 823 732 879 mercatores
746 814 901 893 extranei,
915 813 1083 878 venientes
1098 814 1133 878 in
1148 813 1340 894 Londoniis‚
1363 813 1513 880 solebant
1532 817 1691 901 hospitari

317 935 458 976 trama.
539 939 613 982 eum
628 915 846 981 mercimoniis
861 917 928 980 suis
943 917 978 980 in
1003 915 1154 1001 hospitiis
1181 916 1324 996 Civium,
1348 927 1386 982 et.
1406 919 1551 982 averium
1576 939 1689 983 eorum

539 1019 627 1106 quod
640 1019 793 1084 venditur
807 1039 865 1105 per
879 1018 1110 1098 centenarium,
1124 1027 1163 1082 ut
1176 1039 1259 1100 cera,
1279 1021 1421 1101 alumen,
1443 1030 1477 1085 et
1490 1020 1692 1106 hujusmodi,

538 1122 710 1208 ponderari
732 1141 792 1208 per
820 1131 973 1186 stateram
988 1120 1125 1186 Domini
1140 1121 1248 1206 Regis.
1291 1122 1367 1187 Alia
1388 1143 1466 1188 vero
1491 1123 1608 1203 averis,
1623 1122 1690 1208 qui

538 1224 715 1288 afforenmr
723 1243 782 1307 per
792 1222 902 1300 libras,
911 1232 950 1287 ut
958 1223 1061 1309 piper,
1071 1221 1228 1308 gingiber,
1238 1222 1417 1303 brasilium,
1427 1245 1536 1310 grane,
1547 1235 1581 1290 et
1591 1225 1690 1310 hujus

539 1327 639 1406 modi,
654 1325 803 1392 solebant
816 1325 988 1411 ponderari
1002 1347 1060 1412 per
1073 1326 1179 1405 ulnas,
1198 1336 1344 1407 stateras,
1356 1327 1487 1412 pleicias
1510 1327 1690 1414 hospitum,

538 1429 591 1494 vel
605 1449 664 1514 per
677 1427 865 1492 baskettum
881 1449 1000 1509 suum3
1026 1427 1072 1493 ita
1085 1429 1174 1514 quod
1188 1439 1316 1514 emptor
1329 1428 1445 1494 habuit
1458 1430 1499 1494 sd
1514 1430 1690 1516 quemlibet

540 1531 754 1597 centinarium
787 1529 862 1616 iiij⁰r
889 1530 989 1595 libras
1017 1552 1077 1616 pro
1114 1540 1232 1609 unctu,
1260 1531 1439 1616 ponderato
1462 1553 1520 1617 per
1544 1533 1689 1598 medium

538 1635 688 1713 clavium,
702 1633 789 1699 sicut
801 1653 917 1698 aurum
932 1643 1155 1720 etergentum.
1184 1634 1304 1700 Postea
1317 1632 1461 1716 Ytallici,
1477 1635 1645 1700 Kameinii
1654 1645 1689 1700 et

539 1749 733 1802 mercatores
747 1737 788 1802 de
804 1736 984 1816 Provinciu,
999 1736 1148 1822 inprimis
1173 1757 1251 1802 vero
1276 1736 1439 1822 perpauci,
1463 1736 1630 1803 venientes
1654 1737 1688 1802 in

540 1839 714 1905 Civitatem
729 1861 804 1905 cum
820 1838 1038 1904 mercimoniis
1053 1838 1121 1904 suis
1136 1837 1251 1903 eodem
1267 1839 1365 1904 modo
1381 1859 1416 1903 se
1435 1838 1589 1924 gerebant
1598 1865 1607 1918 ;
1631 1841 1689 1905 scd

539 1963 694 2029 processu
720 1943 887 2028 temporis,
917 1942 991 2007 cum
1015 1942 1223 2027 quamplures
1249 1951 1444 2006 mercatores
1470 1942 1510 2007 de
1535 1943 1690 2028 predictis

538 2045 697 2132 partibus,
721 2045 776 2130 qui
802 2055 895 2110 erant
916 2045 1022 2110 valide
1052 2045 1180 2124 divites,
1210 2045 1424 2110 adduxissent
1452 2045 1487 2109 in
1514 2045 1689 2112 Civitatem

539 2147 713 2213 maximam
725 2147 852 2232 copiam
867 2147 1163 2227 mercimoniorum,
1177 2157 1215 2212 ut
1230 2146 1393 2232 quantitas
1405 2148 1689 2214 mercimoniorum

538 2251 669 2316 illorum
699 2250 813 2316 lateret
843 2249 990 2331 Civibus,
1005 2273 1073 2317 non
1088 2251 1263 2316 voluerunt
1290 2249 1448 2336 hospitari
1474 2251 1510 2315 in
1539 2251 1692 2338 hospitiis

541 2355 682 2432 Civium,
704 2353 761 2417 sed
788 2362 1039 2419 construxemnt
1060 2354 1175 2418 domos
1195 2352 1392 2434 incivitate,
1415 2365 1450 2418 et
1462 2353 1497 2417 in
1516 2353 1590 2436 illis,
1613 2377 1690 2421 cum

539 2458 635 2524 bonis
645 2457 723 2536 suis,
738 2467 928 2524 manserunt
938 2479 996 2543 per
1005 2480 1050 2523 se.
1094 2458 1141 2522 Et
1149 2466 1238 2536 tunc,
1249 2456 1390 2542 quidem,
1401 2477 1460 2542 per
1471 2467 1606 2522 steteras
1618 2481 1693 2524 sues

540 2559 687 2647 proprias
703 2559 1176 2644 sponderando,rendiderunt
1191 2559 1400 2624 mercimonia
1414 2579 1472 2622 sua
1486 2569 1599 2624 eontra
1612 2583 1691 2627 con-

541 2663 746 2728 suetudinem
763 2661 936 2742 Civitetis3
959 2672 993 2728 et
1015 2662 1113 2728 etiam
1128 2663 1278 2748 quedam,
1301 2683 1364 2748 que
1386 2661 1611 2728 vendebantur
1635 2685 1694 2750 per

541 2767 734 2847 centenaria,
749 2789 812 2852 que
828 2767 950 2833 scilicet
964 2767 1120 2834 deberent
1134 2767 1306 2855 ponderari
1319 2787 1379 2852 per
1403 2776 1555 2832 staterum
1582 2769 1690 2854 Regis,

541 2871 603 2957 ipsi
625 2869 888 2955 ponderaverunt
916 2891 975 2956 per
1004 2879 1138 2934 stateres
1163 2892 1237 2934 suas
1259 2869 1293 2933 in
1316 2869 1530 2955 prejudicium
1555 2870 1691 2936 Domini

542 2974 651 3059 Regis,
667 2973 757 3038 etad
772 2974 952 3059 dampnum
966 2983 1001 3038 et
1011 2974 1171 3059 jacturam
1186 2972 1308 3058 pasagii
1323 2972 1384 3052 sui,
1400 2972 1506 3038 etsie
1530 2972 1691 3040 faciebant

540 3076 722 3162 perplures
737 3097 852 3140 annos.
898 3075 1016 3139 Postea
1030 3095 1104 3138 cum
1119 3075 1284 3138 Dominus
1309 3075 1379 3138 Rex
1395 3073 1539 3139 dedisset
1555 3073 1690 3141 Civibus

540 3201 638 3243 unam
653 3199 772 3240 novam
787 3187 908 3241 cartam
924 3197 1022 3261 super
1031 3175 1234 3240 libertatibus
1250 3197 1373 3257 eorum,
1385 3176 1418 3242 in
1430 3199 1496 3262 quo
1506 3178 1693 3244 continetur

542 3280 628 3366 quod
669 3279 779 3342 nullus
813 3288 972 3342 mercator
1009 3287 1181 3342 extraneus
1215 3289 1302 3344 emat
1329 3280 1382 3344 vel
1415 3280 1537 3344 vendat
1572 3281 1692 3367 aliquid

540 3383 696 3461 averium,
712 3380 799 3464 quod
815 3378 988 3466 ponderari
1002 3378 1121 3445 debeat
1134 3381 1186 3445 vel
1201 3381 1365 3462 tronizari,
1387 3381 1451 3446 nisi
1465 3404 1525 3468 per
1539 3393 1691 3448 stateram

542 3492 577 3548 et
591 3481 734 3546 tronium
750 3481 885 3548 Domini
909 3481 1018 3567 Regis,
1034 3503 1132 3567 super
1146 3483 1383 3550 forisfacturam
1399 3483 1501 3549 totius
1516 3486 1636 3565 averii3
1659 3495 1693 3550 et

542 3586 616 3662 hoc,
632 3582 765 3661 scilicet,
788 3605 847 3669 per
862 3592 964 3647 totam
981 3583 1155 3649 Civitatem
1171 3586 1416 3671 proclamatum,
1431 3585 1477 3648 illi
1501 3596 1695 3651 mercatores

538 3685 771 3752 nichilominus
786 3686 1048 3771 ponderaverunt
1062 3687 1147 3752 sicut
1172 3697 1266 3752 antea
1291 3689 1447 3752 fecerunt.
1493 3686 1590 3752 Quod
1617 3689 1692 3752 cium

542 3792 655 3857 datum
677 3789 793 3856 fuisset
807 3788 942 3874 intelligi
958 3789 1103 3854 Domino
1120 3789 1201 3874 Regi
1215 3799 1250 3853 et
1263 3787 1399 3854 consilio
1422 3809 1493 3867 suo,
1509 3787 1625 3852 Ballivi
1641 3790 1692 3856 sui

541 3915 600 3980 per
628 3899 819 3978 preceptum
849 3911 945 3954 suum
974 3899 1132 3976 ceperunt
1160 3910 1274 3953 omnes
1305 3898 1441 3954 stateras
1478 3898 1513 3954 et
1548 3891 1694 3974 pondera

466 4043 467 4046 ,
542 3996 702 4061 dictorum
715 4002 940 4071 mercatorum,
952 4003 986 4057 et
997 3993 1087 4077 ipsos
1102 4013 1160 4075 per
1171 3989 1277 4057 salvos
1289 3991 1413 4077 plegios
1425 3989 1693 4058 attachiaverunt.

544 4101 672 4178 Postea,
687 4099 749 4163 hoc
764 4120 860 4178 auno,
876 4097 928 4162 die
951 4096 1045 4163 Jovis
1061 4105 1136 4161 ante
1160 4093 1278 4160 festum
1304 4090 1525 4182 apostolorum
1549 4097 1692 4164 Simonis
