3920 5022
563 581 603 639 16
919 592 1082 638 cnosson
1105 594 1283 640 unronoir
1308 597 1354 642 ar

560 754 688 831 ceperat
699 743 895 822 Damietem,
910 744 1160 810 munitissimam
1177 745 1342 812 unitatem
1367 745 1402 811 in
1415 745 1559 833 Egypto,
1580 745 1712 825 scilicet,

559 847 594 910 in
609 848 734 912 Octava
749 845 867 912 Sancte
881 846 1050 910 Trinitatis
1065 848 1262 932 precedenti.

339 981 542 1031 mmm-pst,
647 949 732 1014 Item
747 949 770 1013 J
771 948 915 1013 ohannes
929 949 1081 1014 Tillesfln·

338 1049 422 1157 tufi?
433 1047 495 1123 assi
647 1053 806 1116 Radulfus
823 1052 957 1117 Hardel.

336 1127 475 1239 aaran
605 1157 681 1221 Hoc
696 1177 781 1220 anno
797 1155 919 1221 electus
933 1165 985 1221 est
1000 1155 1109 1220 Maior
1131 1158 1278 1241 Rogerus
1301 1157 1387 1222 filius
1412 1156 1541 1242 Rogeri,
1560 1167 1595 1224 et
1613 1157 1710 1224 etiam

559 1258 594 1324 in
618 1257 764 1324 absentia
789 1280 867 1338 sua3
899 1269 932 1324 et
960 1268 1075 1344 postea
1103 1259 1265 1324 admissus
1289 1281 1308 1324 a
1338 1259 1483 1325 Domino
1511 1261 1599 1346 Rege
1624 1259 1712 1346 apud

561 1361 718 1426 Rosham.
762 1360 889 1427 Eodem
911 1383 998 1427 anno
1020 1371 1291 1447 recuperavemnt
1312 1362 1423 1442 Cives,
1443 1362 1538 1428 tertia
1563 1363 1615 1428 die
1634 1371 1712 1448 post

560 1465 790 1551 Epiphaniam,
805 1487 913 1530 coram
928 1466 1027 1550 Rege,
1043 1466 1124 1530 duas
1146 1467 1271 1552 species
1292 1467 1490 1546 libertatum,
1512 1467 1600 1532 unde
1621 1467 1713 1532 elon·

559 1568 626 1653 gati
641 1568 769 1632 fuerant
782 1567 963 1653 perplures
979 1590 1092 1633 annos.
1127 1569 1214 1633 Nam
1230 1571 1301 1634 Rex
1315 1570 1488 1649 concessit,
1497 1569 1586 1655 quod
1601 1570 1624 1634 J
1626 1567 1711 1648 udei,

561 1671 616 1755 qui
631 1681 726 1735 antea
739 1671 936 1736 warantiaati
950 1671 1080 1736 fuerant
1101 1693 1160 1756 per
1180 1671 1278 1737 breve
1293 1672 1334 1737 de
1349 1672 1527 1752 Scaecario,
1548 1673 1589 1737 de
1604 1682 1711 1737 cetero

559 1772 769 1856 placitassent
790 1795 898 1836 coram
923 1771 1058 1837 Civibus
1082 1773 1122 1838 de
1148 1773 1342 1839 tenementis
1369 1775 1436 1838 suis
1461 1774 1496 1838 in
1519 1773 1713 1840 Londoniis.

560 1875 733 1940 concessit
754 1875 851 1940 etiam
879 1877 967 1959 quod
994 1876 1242 1962 Cyrographarii
1273 1899 1345 1942 arce
1374 1879 1547 1962 judeorum
1572 1877 1713 1942 fuissent

559 1979 695 2065 tayliati,
718 1981 803 2046 sicut
824 1980 877 2044 alii
893 1980 1001 2045 Cives.
1047 1981 1123 2046 Hoc
1149 2003 1246 2060 anno,
1270 1981 1322 2046 die
1348 1981 1523 2046 Dominica
1543 1981 1578 2046 in
1604 1981 1711 2045 medis

559 2080 814 2166 quadragesima,
837 2080 1105 2146 convenientibus
1129 2082 1195 2146 fere
1215 2081 1375 2147 universis
1405 2091 1472 2146 tam
1505 2082 1583 2146 viris
1613 2102 1710 2166 quam

560 2182 750 2246 mulieribus
776 2181 1022 2247 Londoniarum
1044 2203 1102 2268 per
1124 2193 1315 2268 preceptum
1341 2183 1478 2248 Domini
1506 2182 1602 2268 Regis
1624 2182 1712 2268 apud

559 2285 888 2350 westmonasterium
902 2285 937 2349 in
960 2309 1077 2371 magna
1098 2287 1181 2366 aula,
1197 2287 1284 2372 cepit
1305 2287 1469 2352 Dominus
1493 2288 1565 2352 Rex
1583 2308 1712 2352 crucem

559 2389 602 2453 ad
616 2387 886 2474 proficiscendum
900 2389 935 2452 in
958 2388 1139 2453 subsidium
1153 2390 1252 2454 Terre
1275 2389 1404 2455 Sancte.
1448 2390 1713 2468 Memorandum,

560 2513 635 2557 cum
651 2491 815 2556 Dominus
832 2491 903 2555 Rex
920 2490 1110 2556 multotiens
1124 2491 1313 2576 requisisset
1328 2492 1425 2570 cives,
1447 2502 1486 2555 ut
1499 2491 1715 2556 concederent

560 2594 682 2659 Abbati
697 2593 1040 2659 Westmonasteriensi
1053 2593 1230 2674 libertates,
1253 2594 1294 2659 de
1320 2593 1437 2678 quibus
1461 2595 1496 2658 in
1521 2596 1583 2660 hoc
1606 2594 1713 2659 rotulo

561 2697 772 2784 prediximus,
786 2697 887 2782 quod,
900 2699 963 2763 hoc
978 2720 1075 2778 anno,
1091 2698 1224 2777 scilicet,
1244 2697 1280 2761 in
1303 2697 1355 2762 die
1379 2698 1535 2763 Mercurii
1556 2698 1590 2762 in
1614 2698 1715 2782 septi·

561 2825 658 2867 mana
674 2803 895 2880 Pentecostes,
910 2811 1024 2888 captus
1040 2801 1102 2866 luit
1124 2802 1193 2867 dies
1215 2803 1346 2882 amoris,
1366 2802 1408 2868 ad
1429 2802 1621 2887 petitionem
1642 2803 1714 2867 Do·

561 2905 642 2970 mini
659 2905 768 2990 Regis,
782 2905 867 2969 inter
883 2902 980 2970 Cives
995 2912 1030 2969 et
1054 2902 1241 2984 Abbatem3
1267 2926 1332 2989 quo
1359 2904 1411 2968 die
1437 2903 1556 2982 Maior,
1571 2913 1604 2969 et
1617 2905 1716 2969 innu-

562 3009 724 3074 merabilis
735 3009 877 3094 populus
890 3008 1041 3072 Civitatis
1050 3029 1126 3072 cum
1134 3029 1184 3087 eo,
1194 3008 1286 3073 venit
1295 3008 1381 3093 apud
1391 3008 1715 3094 NovumTemplum,

562 3112 692 3177 Abbate
705 3112 827 3176 ibidem
843 3111 1015 3190 existente,
1029 3110 1236 3195 presentibus
1251 3111 1297 3175 ibi
1312 3111 1477 3177 Willelmo
1500 3112 1541 3176 de
1557 3111 1715 3192 Haverill,

562 3211 1004 3291 Thesaurario‚Hen1icode
1022 3213 1082 3291 Ba,
1101 3215 1228 3297 Rogero
1254 3213 1295 3279 de
1315 3213 1491 3299 Turkelby,
1507 3213 1658 3280 Johanue
1674 3215 1715 3278 de

504 3343 506 3348 ·
565 3315 751 3380 Getesdene
770 3314 793 3378 J
796 3313 973 3395 ustitiariis,
987 3325 1022 3382 et
1043 3316 1113 3380 aliis
1135 3315 1256 3382 ibidem
1276 3341 1296 3381 a
1317 3318 1462 3383 Domino
1485 3318 1573 3402 Rege
1594 3317 1714 3382 missis.

565 3416 694 3484 Quibus
709 3417 894 3482 volentibus
908 3418 1026 3484 habere
1042 3419 1238 3505 colloquium
1254 3442 1327 3484 cum
1344 3420 1470 3485 Maiore
1480 3431 1514 3485 et
1523 3420 1716 3484 Alderman·

564 3520 627 3599 nis,
637 3521 807 3586 universus
822 3522 962 3607 populus
978 3523 1174 3588 contradixit
1183 3546 1251 3588 non
1266 3524 1459 3601 permittens
1472 3525 1555 3604 illos,
1565 3525 1634 3589 sine
1645 3533 1716 3589 tota

565 3622 759 3704 Commune,
777 3623 853 3688 inde
868 3621 988 3709 aliquid
1002 3634 1150 3704 tractare,
1172 3635 1206 3690 et
1221 3625 1404 3690 clamabant
1418 3648 1532 3692 omnes
1550 3649 1616 3691 una
1634 3647 1715 3692 voce

565 3726 654 3811 quod
667 3726 701 3790 in
713 3726 802 3792 nullo
817 3727 951 3791 articulo
963 3727 1194 3792 alibertatibus
1204 3728 1271 3792 suis
1283 3729 1411 3794 usitatis
1426 3729 1590 3795 discedere
1605 3729 1718 3794 volue-

564 3838 654 3908 runt,
669 3851 748 3915 quas
762 3828 884 3894 habent
903 3851 962 3914 per
985 3839 1090 3895 cartas
1115 3831 1251 3896 Domini
1275 3832 1373 3918 Regis
1396 3842 1430 3898 et
1451 3834 1716 3918 predecessorum

566 3952 709 3997 suorum.
739 3931 832 3996 Tune
841 3932 936 3996 datus
948 3941 999 3998 est
1007 3932 1075 3997 dies
1086 3933 1133 3998 eis
1148 3955 1207 4018 per
1217 3934 1240 4001 J
1241 3935 1429 4016 ustitiarios,
1441 3945 1480 4000 ut
1489 3945 1598 4002 essent
1609 3957 1717 4001 coram

566 4034 711 4100 Domino
723 4035 812 4120 Rege
820 4035 908 4121 apud
916 4034 1178 4122 Wyndlesoram,
1189 4036 1241 4103 die
1254 4038 1373 4103 Martis
1386 4037 1587 4123 sequenti,ac
1597 4037 1719 4102 solum-

566 4137 664 4202 modo
677 4139 717 4206 de
728 4159 825 4204 causa
839 4137 926 4224 cepit
937 4139 1008 4205 Rex
1021 4137 1196 4207 Civitatem
1211 4139 1246 4205 in
1262 4162 1377 4206 manus
1390 4163 1476 4221 suas,
1487 4141 1618 4206 tradens
1629 4139 1717 4204 illam
