3930 5088
589 533 648 591 138
932 542 1122 589 cnaonron
1147 542 1324 587 rrsronuu
1343 543 1388 586 ar

580 698 735 778 arestari3
757 707 819 778 set,
845 695 932 783 quod
955 695 1097 762 deterius
1111 703 1174 775 est,
1189 693 1224 760 in
1239 693 1343 760 nostri
1357 703 1392 758 et
1406 702 1592 779 magnatum
1607 693 1734 778 predic·

581 810 689 864 torum
704 799 900 885 vituperium
921 808 955 864 et
979 806 1205 882 contemptum
1219 795 1319 861 vendi
1339 795 1461 876 fecerit,
1476 804 1580 861 totam
1595 797 1733 881 pecunie

580 925 742 967 summam
764 902 840 967 inde
870 901 1116 987 provenientem
1140 899 1176 966 in
1203 899 1352 986 proprios
1383 920 1465 964 usus
1501 901 1731 980 convertendo,

579 1013 615 1070 et
638 1005 711 1091 ipsa
725 1003 911 1084 comitissa,
936 1025 995 1090 per
1017 1003 1202 1086 solempnes
1221 1002 1360 1067 nuncios
1380 1023 1457 1067 suos
1472 1001 1513 1065 ad
1531 1024 1593 1068 nos
1608 1003 1730 1087 pluries

578 1107 786 1172 transmissos
801 1106 1025 1172 detrectando
1047 1102 1218 1169 nobiscum
1240 1112 1275 1168 et
1299 1125 1374 1169 cum
1398 1103 1533 1168 consilio
1560 1112 1672 1168 nostro
1688 1104 1730 1168 de

578 1209 832 1296 transgressione
853 1209 918 1288 ille,
939 1206 1044 1272 nullas
1060 1213 1283 1292 competentes
1298 1206 1451 1270 emendas
1466 1206 1542 1270 inde
1557 1204 1653 1270 nobis
1668 1228 1728 1290 op-

576 1313 697 1379 tulerit.
743 1313 880 1398 Propter
895 1311 993 1397 quod,
1015 1311 1099 1390 Nos,
1114 1329 1171 1394 per
1185 1307 1271 1372 viem
1287 1307 1500 1374 districtionis
1510 1330 1608 1395 super
1622 1310 1727 1394 ipsam

577 1427 611 1483 et
625 1438 702 1481 suos
717 1415 751 1480 in
766 1437 865 1500 regno
880 1424 993 1479 nostro
1007 1411 1163 1489 faciende,
1178 1409 1282 1476 donee
1296 1409 1338 1476 de
1348 1412 1461 1476 eadem
1472 1413 1727 1496 transgressione

577 1517 672 1584 nobis
707 1517 748 1582 ad
775 1516 908 1602 plenum
935 1514 1034 1580 fuerit
1063 1512 1275 1592 satisfactum,
1300 1513 1474 1598 procedere
1502 1535 1726 1599 provocamur.

579 1618 704 1684 Habito
719 1640 816 1703 super
830 1618 893 1681 hoc
908 1638 983 1682 cum
998 1615 1133 1681 oonsilio
1153 1627 1267 1682 nostro
1288 1616 1435 1702 diligenti
1453 1625 1603 1696 metatu,
1618 1617 1725 1701 provi-

576 1722 683 1785 dimus
697 1730 731 1785 et
746 1719 930 1797 statuimus,
941 1717 1029 1803 quod
1045 1719 1154 1783 omnis
1174 1719 1262 1786 bona
1273 1717 1531 1798 Flandrensium,
1547 1718 1725 1784 Hanonen-

574 1823 670 1903 sinm,
686 1833 719 1888 et
733 1823 868 1888 aliorum
883 1843 1149 1908 quorumcunque
1164 1822 1205 1888 de
1219 1831 1380 1909 potestate
1394 1821 1537 1906 predicte
1550 1820 1725 1888 Comitisse

573 1925 782 1992 existentium
808 1925 843 1989 in
873 1944 1008 2009 regnum
1034 1931 1069 1988 et
1096 1933 1294 2010 potestatem
1323 1932 1468 1988 nostram
1497 1921 1661 1988 venientis
1690 1933 1724 1988 et

572 2027 693 2092 ibidem
719 2049 806 2092 nunc
832 2026 1014 2102 existentia,
1041 2025 1138 2091 simul
1162 2049 1237 2092 oum
1260 2026 1340 2092 arris
1365 2036 1400 2093 et
1428 2024 1546 2090 debitis
1575 2025 1721 2110 ipsorum

573 2129 820 2194 Flandrensium
830 2128 1136 2208 etHsnonensium,
1144 2128 1178 2192 in
1194 2149 1461 2215 quorumcunque
1476 2128 1637 2209 menibus,
1653 2130 1721 2195 sive

569 2232 803 2317 religiosorum,
829 2230 897 2296 sive
918 2230 1085 2310 laicorum,
1107 2231 1325 2311 invenientur,
1351 2242 1548 2298 arrestentur
1573 2242 1606 2298 et
1631 2235 1720 2300 salvo

570 2334 804 2400 custodiantur.
859 2333 906 2398 Et
940 2335 1152 2417 postmodum
1177 2335 1212 2398 in
1237 2342 1250 2417 l
1273 2335 1436 2421 presentia
1465 2336 1655 2402 dilectorum
1686 2347 1721 2402 et

570 2437 713 2502 fidelium
744 2444 941 2516 nostrorum,
971 2435 1132 2516 Nicholei,
1158 2437 1261 2502 Adele
1294 2437 1334 2502 de
1366 2437 1398 2501 la
1427 2438 1515 2518 Pole‚
1544 2437 1721 2503 Alexandri

568 2541 598 2605 le
633 2538 737 2604 Riche
760 2537 801 2602 de
829 2536 1014 2618 Andovere,
1039 2537 1158 2623 Rogeri
1187 2538 1228 2602 de
1254 2538 1439 2624 Dunstaple
1468 2538 1509 2603 de
1537 2537 1719 2619 Wintonia,

568 2654 602 2708 et
626 2639 791 2707 lobannis
821 2639 862 2704 de
888 2639 1101 2720 Gememute,
1137 2639 1245 2706 elerici
1275 2641 1391 2721 nostri,
1421 2663 1502 2726 quos
1532 2641 1574 2706 ad
1602 2664 1718 2728 appre-

567 2745 740 2812 tiationem
762 2743 803 2808 de
825 2741 921 2809 bonis
947 2743 1080 2822 eisdem,
1095 2751 1129 2808 et
1143 2743 1387 2828 inquisitionem
1402 2742 1443 2808 de
1458 2743 1537 2808 arris
1552 2753 1586 2809 et
1599 2744 1717 2810 debitis

566 2850 631 2914 illis
656 2847 836 2914 faciendam
863 2846 1102 2931 deputavimus,
1127 2867 1187 2932 per
1213 2855 1450 2912 sacramentum
1478 2846 1655 2932 proborum
1684 2857 1719 2913 et

568 2959 720 3044 legalium
746 2957 916 3022 hominum
942 2956 1168 3041 appretientur
1190 2954 1232 3019 ad
1245 2977 1359 3020 verum
1383 2966 1417 3021 et
1435 2966 1560 3022 rectum
1574 2958 1717 3024 valorem

570 3061 770 3126 eorumdem.
789 3057 835 3122 Et
843 3058 932 3143 quod
943 3057 1085 3122 universi
1094 3067 1128 3121 et
1139 3057 1257 3143 singuli
1270 3058 1484 3124 Flandrenses
1493 3070 1528 3125 et
1538 3061 1717 3126 Hanonen-

569 3185 622 3228 ses
637 3161 738 3228 etalii
752 3161 792 3225 de
806 3168 969 3246 potestate
993 3160 1138 3245 predicte
1152 3160 1340 3242 comitisse,
1355 3162 1423 3229 sive
1437 3174 1631 3229 mercatores
1647 3164 1715 3229 sive

567 3265 620 3330 alii
644 3263 787 3349 exceptis
817 3273 926 3328 temen
956 3263 1121 3348 operariis,
1151 3265 1206 3349 qui
1232 3266 1273 3329 de
1296 3265 1425 3330 licentia
1451 3275 1562 3330 nostre
1588 3288 1713 3350 pannos

564 3367 728 3452 operaturi
742 3365 876 3431 venient
889 3365 923 3430 in
935 3388 1071 3452 regnum
1086 3376 1245 3445 nostrum,
1261 3377 1295 3432 et
1308 3368 1371 3432 hiis
1397 3367 1545 3433 similiter
1559 3369 1714 3452 exceptis,

564 3469 620 3556 qui
644 3469 772 3534 uxorati
797 3480 876 3534 sunt
900 3469 935 3534 in
960 3491 1059 3554 regno
1083 3481 1208 3548 nostro,
1223 3481 1257 3534 et
1279 3480 1380 3534 terras
1395 3480 1429 3535 et
1448 3481 1536 3536 certa
1551 3470 1713 3536 domicilia

562 3571 695 3652 habent,
711 3579 744 3636 et
758 3593 818 3657 pro
834 3572 948 3657 majori
963 3583 1054 3658 parte
1069 3581 1238 3637 morantur
1256 3571 1291 3634 in
1305 3572 1432 3652 eodem,
1448 3595 1529 3659 quos
1544 3573 1711 3658 indigenas

561 3683 751 3760 reputamus
767 3671 827 3736 sub
853 3673 999 3757 periculo
1014 3675 1080 3738 vite
1105 3683 1140 3738 et
1153 3671 1374 3738 membrorum
1389 3685 1424 3740 et
1438 3675 1611 3740 amissione
1640 3696 1712 3738 om-

561 3779 654 3842 nium
669 3775 831 3840 bonorum
847 3796 981 3839 suorum
996 3775 1076 3840 citrs
1096 3775 1182 3840 diem
1209 3775 1327 3842 Martis
1352 3779 1538 3863 proximum
1557 3787 1634 3862 post
1648 3779 1712 3842 fes-

559 3891 633 3945 tum
647 3879 882 3964 Apostolorum
898 3877 986 3943 Petri
1001 3888 1034 3943 et
1050 3878 1142 3943 Pauli
1157 3878 1306 3963 proximo
1326 3881 1484 3959 futurum,
1500 3891 1617 3945 exeant
1640 3902 1712 3964 reg-

558 4005 638 4048 num
653 3991 812 4046 nostrum.
856 3981 903 4046 Et
919 3980 1006 4067 quod
1021 4004 1134 4048 omnes
1155 3983 1228 4047 lane
1251 3982 1340 4068 regni
1366 3983 1470 4047 nostri
1493 3993 1662 4048 morentur
1675 3984 1709 4047 in

555 4087 685 4166 eodem,
700 4085 804 4152 donec
820 4085 908 4152 aliud
933 4085 1009 4151 inde
1027 4085 1275 4173 providerimus.
1319 4087 1366 4151 Et
1379 4086 1453 4150 ideo
1468 4085 1563 4150 vobis
1578 4086 1710 4150 mande-
