3930 5088
576 590 833 638 vrcscosrrrurr
859 589 1140 657 nonnosrsnuu.
1372 579 1430 636 169

281 752 370 806 terus
386 742 513 821 fecerat,
537 742 615 806 dum
638 741 701 806 fuit
721 741 839 820 Maior,
862 749 974 804 contra
988 749 1092 805 totam
1108 739 1324 806 Communem
1342 742 1430 807 Civi-

278 844 355 907 tatis
384 852 419 908 et
447 852 560 908 contre
595 853 832 908 sacramentum
863 863 973 922 suum;
1011 843 1098 906 unde
1128 842 1235 908 dictus
1263 845 1428 910 Walterus

280 945 472 1029 degradatus
493 944 555 1009 fuit
569 946 765 1029 judicialiter
783 947 824 1009 de
837 943 1102 1008 Aldermanneria
1121 965 1190 1024 sua,
1213 955 1247 1010 et
1260 968 1280 1010 a
1294 947 1428 1011 consilio

281 1045 431 1120 Civitatis
446 1049 674 1133 inperpetuum
688 1047 843 1132 privatus.
903 1045 1152 1131 Preeepiturque
1167 1056 1218 1111 est
1231 1047 1308 1113 viris
1322 1049 1357 1113 iu
1372 1049 1428 1114 illo

277 1147 533 1214 Aldermannstu
546 1148 764 1228 manentibus,
773 1159 811 1213 ut
826 1147 889 1234 ipsi
903 1147 1058 1232 eligerent
1072 1149 1177 1212 virum
1192 1149 1357 1230 idoneum,
1372 1152 1428 1237 qui

278 1258 366 1313 esset
378 1250 619 1316 Aldermanuus
641 1251 682 1314 de
703 1251 785 1328 foro,
809 1250 881 1314 looo
896 1249 994 1326 illius,
1008 1259 1042 1313 et
1059 1249 1168 1333 ipsum
1185 1262 1429 1335 presentesseut

278 1350 321 1415 ad
334 1353 518 1435 proximam
536 1351 669 1416 Curiam
683 1352 717 1415 in
735 1351 916 1431 Gildhelle3
931 1351 1019 1436 quod
1033 1351 1156 1416 factum
1170 1363 1230 1418 est.

322 1454 363 1518 In
378 1454 491 1538 primis
505 1453 575 1538 ipse
594 1453 716 1537 injuste
730 1453 915 1519 testificavit
929 1453 1091 1538 quendem
1104 1463 1303 1520 attornatum
1316 1477 1427 1542 recep·
1439 1483 1647 1538 Humum„

278 1562 350 1618 turn
368 1555 468 1619 fuisse
487 1576 546 1639 per
564 1554 663 1620 breve
685 1554 820 1619 Domini
841 1554 940 1639 Regis
961 1555 996 1618 in
1011 1555 1098 1620 euris
1115 1556 1251 1622 Domini
1271 1559 1369 1642 Regis
1385 1550 1635 1674 dewignffl·

276 1656 397 1740 placito
420 1671 524 1736 terre3
545 1657 634 1722 unde
648 1665 762 1742 postea
781 1666 983 1740 compertum
1003 1657 1066 1721 fuit
1083 1659 1171 1741 apud
1192 1659 1425 1725 Gildeiordiam
1444 1678 1627 1739 vaccenem,

277 1757 364 1842 quod
380 1779 564 1843 nuncquam
581 1757 711 1843 aliquod
731 1757 829 1822 breve
849 1779 947 1841 super
960 1757 1024 1824 hoe
1038 1758 1160 1824 exierat
1174 1783 1193 1825 a
1208 1759 1405 1826 Canceilsria
1413 1743 1645 1866 ffaggfflmjfhb

275 1859 376 1924 etita
394 1859 559 1924 notorium
581 1869 633 1926 est
649 1858 736 1944 quod
757 1860 829 1945 ipse
846 1857 928 1924 falso
951 1859 1175 1926 testimonium
1197 1862 1362 1946 perhibuit
1384 1865 1424 1930 de
1437 1827 1590 1922 eminas?

275 1962 332 2026 illo
344 1971 506 2027 attorneto
517 1972 630 2027 contra
641 1971 877 2026 sacramentum
889 1983 996 2040 suurn,
1008 1972 1042 2026 et
1055 1974 1168 2028 contra
1178 1965 1277 2030 fidem
1288 1966 1425 2032 Domini
1437 1937 1504 1987 ‘im'

277 2061 386 2148 Regis,
401 2072 436 2127 et
449 2061 491 2126 ad
504 2061 789 2128 exheredationem
804 2061 905 2147 partis
920 2061 1064 2129 adverse.

320 2165 417 2244 Item,
446 2164 527 2248 ipae,
552 2173 700 2249 tempore
726 2164 907 2230 Maioratus
933 2163 994 2244 sui,
1018 2166 1139 2250 recepit
1163 2166 1260 2233 breve
1288 2168 1425 2233 Domini

277 2266 386 2352 Regis,
412 2275 450 2330 ut
474 2266 515 2330 ad
539 2275 663 2331 certum
693 2265 779 2332 diem
807 2266 933 2332 veniret
962 2267 1049 2352 apud
1084 2269 1424 2351 Westmouesterium,

275 2382 478 2452 ostensurus,
504 2394 569 2458 quo
591 2374 665 2459 jure
696 2371 794 2437 Cives
819 2372 882 2458 ipsi
909 2373 1024 2438 darent
1048 2370 1195 2436 Walterc
1221 2371 1261 2436 de
1289 2372 1423 2438 Merton

274 2475 426 2540 seisinam
442 2475 483 2540 de
498 2497 599 2540 mora.
654 2475 700 2538 Et
723 2475 804 2560 ipse,
826 2475 882 2559 qui
906 2475 1012 2560 capud
1036 2473 1188 2538 Civitatis
1203 2473 1264 2538 fuit
1278 2483 1312 2538 et
1326 2475 1424 2540 debet

276 2576 451 2642 Civitatem
475 2577 659 2656 defendere,
682 2577 760 2642 iecit
779 2577 942 2656 defaltum,
966 2585 1000 2641 et
1021 2599 1089 2642 non
1114 2577 1293 2642 retornevit
1314 2577 1423 2656 breve,

273 2700 331 2764 per
345 2700 441 2763 quam
457 2677 534 2742 dicti
549 2678 635 2744 cives
651 2688 730 2742 sunt
742 2679 777 2741 in
792 2676 936 2762 periculo
951 2677 1069 2742 dictam
1081 2698 1206 2742 moram
1220 2678 1401 2744 amittendi.

318 2779 414 2858 Item,
430 2800 504 2842 oum
518 2777 601 2863 ipse,
615 2788 766 2863 tempore
780 2778 962 2842 Msioratus
978 2778 1041 2856 sui,
1054 2787 1219 2844 teneretur
1233 2799 1422 2845 conservare

273 2889 308 2944 et
330 2879 501 2943 observare
519 2880 625 2945 facere
648 2901 762 2944 omnes
785 2878 903 2943 assises
924 2880 1025 2943 factas
1050 2898 1107 2963 per
1128 2878 1366 2946 Aldermannos
1388 2893 1422 2946 et

272 2980 428 3046 discretos
454 2981 540 3045 viros
566 2979 727 3060 Civitatis,
748 2989 782 3045 et
802 2979 1015 3065 proclamatas
1037 3000 1096 3065 per
1116 2987 1218 3046 totam
1235 2979 1421 3063 Civitatem,

272 3083 343 3168 ipse
369 3082 517 3168 permisit
540 3083 639 3148 vendi
662 3082 828 3148 cervisiam
853 3083 889 3147 in
911 3083 1017 3148 warda
1041 3103 1099 3146 sua
1116 3103 1175 3167 pro
1195 3081 1299 3146 tribus
1315 3082 1419 3148 obolis

271 3183 429 3269 lagenam,
444 3193 479 3248 et
499 3183 586 3248 illam
604 3183 850 3263 venditionem!
867 3181 1082 3261 confirmavit,
1096 3181 1294 3267 imponendo
1314 3184 1518 3269 sigilloso.142
1530 3202 1561 3243 ρ.

271 3287 544 3352 Aldermannetus
570 3287 621 3351 sui
648 3287 684 3351 in
708 3286 847 3372 quadam
871 3306 1024 3350 mensura
1047 3284 1169 3369 injusta
1193 3286 1278 3350 fecta
1306 3295 1419 3351 contra

273 3398 394 3454 statuta
415 3387 575 3468 Civitatis,
595 3410 657 3474 que
681 3387 868 3453 continebat
890 3387 1118 3452 tantummodo
1144 3395 1269 3452 sextam
1291 3398 1417 3474 partem

269 3494 393 3578 legens.

314 3595 411 3673 Item,
444 3615 518 3660 cum
546 3593 628 3678 ipse,
657 3592 713 3679 qui
740 3613 802 3656 nee
829 3599 956 3676 partem
989 3591 1149 3658 sustinere
1177 3613 1238 3658 neo
1266 3592 1417 3660 salarium

270 3718 384 3782 capere
399 3696 497 3764 debet
511 3695 738 3781 aliquomodo,
752 3694 823 3780 ipse
837 3702 950 3759 contm
965 3703 1202 3760 sacramentum
1213 3696 1417 3762 suumdeoda

269 3799 357 3883 capit
370 3821 428 3884 per
441 3809 546 3864 totam
563 3797 749 3878 Civitatem,
763 3807 797 3862 et
811 3797 973 3883 quandam
995 3819 1156 3864 summam
1179 3798 1316 3884 pecunie
1329 3798 1417 3884 capit

268 3901 434 3964 annuatim
457 3902 498 3966 de
520 3901 751 3968 communitate
772 3899 1026 3986 piscenariorum
1040 3901 1082 3966 sd
1097 3901 1303 3968 sustinendos
1326 3901 1415 3986 ipsos

196 4043 200 4050 ·
267 3999 303 4064 in
318 4001 423 4065 causis
438 4002 517 4081 suis,
530 4013 597 4068 tam
612 4003 753 4088 injustis,
767 4024 864 4088 quam
874 4003 985 4087 justis.

313 4105 428 4150 onus.
452 4105 527 4151 soc.
1007 4108 1026 4150 z
