3930 5088
571 613 829 660 vrcacourruas
855 614 1139 661 rossemanum.
1368 605 1429 661 1³3

281 766 403 831 Comes
426 765 466 831 de
489 762 521 830 la
536 767 681 846 Marche,
698 766 818 832 Comes
833 767 875 831 de
898 766 1077 834 Mendome
1092 777 1126 832 et
1141 767 1261 833 Comes
1277 769 1318 832 de
1334 769 1432 834 hcele

282 878 317 934 et
331 869 497 954 sexaginta
511 880 635 956 septem
650 870 768 936 vexilla
781 879 961 955 portantes,
976 870 1046 935 sine
1065 871 1193 936 minuto
1207 873 1341 957 populo.

326 972 403 1050 lPer
420 973 599 1059 prescripta
612 974 821 1039 manifestum
843 982 894 1039 est
918 973 1007 1060 quod
1029 974 1083 1040 ille
1099 974 1252 1054 Karolus‚
1267 983 1346 1041 tunc
1361 977 1431 1040 Rex
1439 983 1477 1042 sv-
1492 980 1536 1029 ¹24
1550 989 1581 1029 ²⁰·
1703 1013 1713 1026 =

283 1072 413 1154 Cecilie,
424 1075 480 1160 qui
494 1096 560 1140 non
575 1076 672 1161 longo
686 1085 833 1162 tempore
847 1086 1010 1142 transacto
1025 1077 1112 1141 illam
1124 1087 1242 1144 terram
1252 1079 1432 1172 occupavit,
1438 1047 1655 1171 fflssffloe

282 1179 413 1263 capiens
428 1199 541 1244 rerum
552 1180 704 1246 heredem
716 1180 801 1245 illius
812 1180 914 1266 regni,
933 1180 1064 1257 scilicet,
1080 1181 1315 1260 Conradinum,
1328 1182 1432 1246 filium
1444 1177 1553 1240 sism-

284 1279 438 1361 conradi,
466 1281 525 1345 filii
554 1281 731 1346 Fretherici
757 1280 978 1366 Imperatoris,
1007 1303 1114 1366 quem,
1144 1305 1219 1348 cum
1248 1284 1432 1369 quindecim

284 1383 448 1449 nobilibus
474 1385 515 1449 de
539 1405 640 1469 regno
654 1385 847 1448 Alemannis
869 1385 903 1449 in
915 1385 1054 1452 vinculis
1069 1383 1240 1450 crudeliter
1260 1385 1434 1466 interfecit,

284 1495 391 1550 totum
409 1485 584 1550 exercitum
600 1485 869 1566 Christianorum,
890 1487 945 1571 qui
960 1486 1121 1572 preparati
1135 1488 1267 1552 fuerunt
1280 1489 1433 1552 transfre-

285 1589 376 1651 tandi
401 1586 436 1651 in
449 1589 583 1652 'l'erram
601 1588 754 1653 Sanctam
768 1588 907 1672 graviter
926 1588 1004 1654 fecit
1027 1610 1142 1668 errare,
1165 1599 1199 1655 et
1217 1591 1353 1654 adduxit
1376 1613 1432 1655 eos

285 1711 396 1754 secum
411 1691 445 1754 in
460 1691 640 1774 predictam
655 1690 806 1770 insulem,
822 1690 903 1755 dans
918 1692 965 1756 eis
980 1691 1159 1777 intelligere
1174 1692 1262 1775 quod
1280 1692 1350 1777 ipse
1365 1694 1432 1757 vel-

285 1793 331 1856 let
353 1793 531 1858 Saracenos
554 1794 589 1857 in
614 1792 729 1858 eadem
751 1792 859 1857 insule
884 1793 1069 1858 habitantes
1098 1793 1229 1878 penitus
1255 1793 1431 1858 destruere.

287 1895 387 1960 Quod
408 1904 517 1961 tamen
538 1919 604 1961 non
628 1895 713 1976 fecit,
736 1896 792 1960 sed
816 1895 1021 1961 solummodo
1037 1896 1131 1960 duxit
1146 1917 1256 1960 recum
1270 1896 1433 1980 predictos

286 1997 491 2063 Christianos
522 1998 690 2064 occasione
725 1997 813 2062 illam
842 1998 982 2062 insulam
1013 1998 1192 2064 subiciendi
1221 1998 1434 2063 dominationi

287 2121 356 2178 sue,
382 2100 467 2166 sieut
489 2111 580 2187 patet
604 2102 639 2166 in
653 2100 842 2186 premissis;
867 2111 901 2166 et
922 2101 969 2165 ita
983 2101 1101 2167 deiecit
1114 2101 1298 2186 passagium
1324 2123 1434 2166 cruce-

287 2203 486 2287 signatorum
511 2225 624 2270 versus
653 2205 786 2270 Terram
812 2203 964 2269 Sanctam
989 2205 1030 2268 ad
1052 2202 1298 2287 irrecuperabile
1321 2204 1436 2289 damp-

286 2327 365 2368 num
381 2307 482 2371 totius
499 2306 765 2387 Christianitatis,
780 2315 814 2371 et
839 2307 937 2372 etiem
961 2305 1140 2372 maximum
1155 2304 1332 2392 dompnum
1348 2306 1435 2370 illius

285 2411 384 2474 Terre
399 2408 527 2474 Sancte.

330 2512 582 2578 Memorandum
602 2515 689 2598 quod
719 2514 802 2579 infra
830 2514 918 2580 hunc
947 2536 1070 2579 annum
1098 2523 1258 2580 venerunt
1290 2534 1437 2579 rumores

287 2614 468 2679 Londoniis
482 2616 566 2680 circa
588 2615 709 2680 festum
735 2616 847 2680 Sancti
862 2617 1006 2702 Georgii,
1026 2617 1115 2702 quod
1136 2617 1170 2681 in
1196 2616 1338 2680 crastino
1361 2617 1437 2680 festi

288 2715 399 2781 Sancti
428 2716 577 2800 Gregorii
605 2717 755 2800 proximo
784 2717 970 2802 precedenti
1000 2717 1114 2782 Simon
1143 2727 1178 2781 et
1206 2716 1345 2801 Gwydo,
1379 2717 1437 2780 filii

288 2818 430 2882 Simonis
445 2819 486 2883 de
498 2819 616 2881 Monte
628 2818 729 2896 Forti,
745 2818 908 2902 quondam
924 2817 1062 2882 Comitis
1074 2817 1260 2895 Leicestn'e,
1270 2817 1438 2884 interfece-

288 2931 362 2984 rant
378 2918 592 2995 Hendricum,
607 2919 711 2982 filium
726 2919 863 2983 Domini
875 2918 1015 2996 Ricardi,
1031 2917 1128 3002 Regis
1143 2918 1347 2998 Alemannie,
1358 2919 1437 2983 dum

287 3025 393 3086 fuerat
406 3021 440 3085 in
456 3020 619 3085 conductu
636 3020 777 3106 Philippi
790 3020 849 3084 filii
864 3020 962 3106 Regis
977 3019 1161 3106 lodewyei,
1178 3019 1276 3104 Regis
1292 3020 1437 3101 Francie,

290 3124 400 3190 subito
414 3133 449 3189 et
462 3123 639 3208 inopinate,
663 3123 742 3188 dum
767 3123 931 3210 predictus
956 3121 1120 3189 Henrieus
1144 3122 1208 3188 luit
1232 3122 1267 3186 in
1292 3122 1438 3201 ecclesia,

288 3229 398 3294 divina
427 3227 594 3292 audiendis
626 3228 661 3292 in
690 3226 820 3294 civitate
854 3226 1002 3320 Vyterby
1034 3247 1137 3312 prope
1175 3225 1340 3293 civitatem
1371 3227 1437 3292 Ro-

289 3337 430 3380 manem.

377 3487 502 3553 Littera
517 3485 615 3552 misse
635 3484 771 3552 Domini
786 3485 868 3572 Regi
883 3483 1075 3551 Alemannis
1089 3494 1167 3571 post
1180 3485 1439 3553 interfectionem

421 3590 479 3655 filii
496 3591 556 3656 sui.

335 3729 505 3814 Philippus
527 3727 592 3791 Dei
614 3725 716 3813 gretia
741 3726 940 3791 Francorum
955 3726 1038 3804 Rex,
1060 3725 1187 3811 egregio
1212 3726 1361 3812 principi,
1384 3727 1441 3792 ka·

290 3832 419 3896 rissimo
448 3830 688 3914 consanguineo
718 3851 777 3893 suo
807 3838 840 3892 et
869 3829 983 3909 amico,
1021 3828 1159 3894 Ricardo
1196 3830 1309 3895 eadem
1340 3831 1441 3914 gratia

294 3935 515 3997 Romanorum
531 3944 565 3997 et
579 3933 770 3997 Alemannis
785 3931 866 4016 Regi
882 3931 1011 4011 illustri,
1025 3940 1060 3995 et
1075 3929 1197 3995 Comiti
1213 3931 1441 4011 Comubiensi,

292 4036 441 4113 salutem,
456 4046 489 4100 et
504 4035 627 4100 sincere
642 4035 823 4100 dilectionis
845 4036 1007 4099 affectum.
1052 4034 1102 4098 Ad
1128 4046 1235 4099 vestre
1260 4036 1442 4102 serenitatis

293 4139 442 4204 notitiam
454 4138 663 4222 jocundiores
677 4138 815 4202 libenter
826 4137 961 4221 dirigere
976 4159 1050 4202 mus
1066 4158 1223 4218 rumores,
1233 4139 1261 4202 si
1277 4138 1371 4202 nobis
1385 4160 1442 4202 eos
