3930 5088
533 603 793 651 vroscourruu
819 605 1105 653 uouoouraauu.
1352 596 1392 654 88

245 761 296 818 tes
311 745 346 818 in
360 753 523 842 Angliam,
533 755 602 821 sive
616 765 773 822 exeuntes
788 755 952 843 Anglism,
966 757 1036 823 ausi
1051 757 1393 846 fueruntexpugnara.

248 857 327 937 Qui,
341 880 430 940 vero,
447 859 561 926 Simon
575 868 690 945 postea
704 860 935 926 transfretavit.

287 961 385 1027 Anno
406 961 556 1041 ecdem,
546 983 581 1025 ιιι
597 961 777 1048 septimana
791 970 867 1026 ante
882 961 1004 1026 Remos
1021 956 1216 1042 Palmarum,
1227 961 1393 1028 Dominus
1407 987 1525 1048 pum
1536 987 1586 1037 sa-

247 1055 425 1127 lldvvardus
447 1064 569 1148 recepit
589 1065 630 1128 ad
651 1063 786 1150 gratiam
807 1063 943 1128 Domini
966 1061 1075 1151 Regia,
1089 1063 1190 1151 patris
1208 1058 1270 1146 sui,
1295 1074 1329 1130 et
1352 1066 1392 1130 ad
1405 1052 1513 1179 m
1521 1118 1607 1165 pm

247 1179 351 1243 suam,
380 1186 494 1231 omues
517 1165 557 1230 de
583 1165 737 1251 Quinque
753 1163 927 1245 Portubus,
956 1173 1024 1230 tam
1046 1166 1267 1232 malefactores
1296 1189 1392 1254 quam
1406 1181 1447 1230 to
1463 1182 1555 1244 mpii.

245 1263 346 1345 alios3
368 1275 402 1332 et
430 1288 623 1334 eoncessum
651 1276 704 1333 est
731 1267 780 1333 eia
808 1268 851 1333 ad
878 1267 1045 1333 habendas
1081 1288 1196 1335 omnes
1225 1269 1392 1335 libertates

243 1385 368 1448 eorum,
387 1377 422 1434 et
443 1392 557 1436 omnes
578 1380 680 1436 terras
703 1377 738 1436 et
758 1379 944 1436 tenements
963 1391 1076 1436 eorum
1098 1370 1302 1457 possidenda.
1347 1371 1393 1435 Et

241 1467 390 1536 similiter
416 1493 607 1538 concessum
635 1482 686 1538 est
720 1471 889 1554 militibus,
918 1472 1133 1540 servientibus
1170 1485 1204 1540 et
1239 1473 1392 1539 omnibus

241 1569 323 1650 aliis,
335 1569 391 1656 qni
405 1571 451 1638 eis
466 1561 663 1640 adheserunt
675 1574 710 1639 in
724 1573 967 1660 perturbatione
981 1573 1136 1661 predicta,
1149 1576 1237 1663 quod
1251 1574 1394 1640 habeant

243 1681 278 1736 et
292 1682 425 1738 teneant
444 1675 544 1740 libere
564 1697 677 1741 omnes
691 1676 916 1762 possessiones
939 1685 974 1742 et
994 1683 1107 1754 terras,
1130 1699 1193 1762 que
1218 1687 1313 1742 autea
1333 1675 1393 1742 ha·

241 1771 384 1840 buerunt
392 1801 402 1855 3
417 1786 451 1842 et
465 1777 598 1844 remisse
620 1787 698 1844 sunt
711 1778 758 1844 eis
772 1800 887 1844 omnes
901 1778 1146 1865 depredationes
1161 1788 1195 1844 et
1208 1778 1393 1858 homicidia,

244 1895 307 1962 qua
321 1877 385 1962 ipsi
395 1880 538 1945 fecerant
551 1880 586 1944 in
601 1889 696 1961 terra,
711 1879 829 1948 sivein
844 1880 936 1962 mari,
947 1890 1104 1966 quantum
1118 1880 1191 1961 lusit,
1205 1881 1392 1946 hominibus

243 1979 285 2043 de
299 2001 398 2066 regno
413 1982 540 2068 Anglie,
564 1983 733 2063 Hibemie,
753 1983 922 2063 Schochie,
936 1983 1065 2063 Wallie,
1079 1992 1114 2049 et
1126 1981 1307 2063 Vasconie3
1330 2003 1393 2068 quc

243 2080 367 2147 scilicet
379 2091 465 2148 terro
479 2091 627 2169 spectant
641 2084 682 2148 ad
694 2084 883 2170 dignitatem
894 2083 1029 2150 Domini
1041 2079 1148 2170 Regis.
1178 2079 1224 2148 Et
1235 2082 1263 2148 si
1277 2083 1392 2170 aliquis

244 2183 286 2248 de
311 2183 382 2249 aliis
399 2185 492 2250 terris
507 2208 604 2272 quam
626 2187 667 2251 de
690 2185 884 2272 supradietis
897 2185 978 2253 velit
992 2209 1091 2274 egere
1105 2207 1218 2252 versus
1238 2185 1327 2271 ipsos
1351 2186 1392 2251 de

243 2284 528 2370 depredationibus
543 2288 590 2353 eis
604 2286 709 2368 ueta,
721 2310 779 2354 seu
790 2289 831 2354 de
842 2287 1024 2354 homicidiis
1038 2287 1392 2374 faotisconsangwineis

243 2407 367 2468 ιιοιιιιιι,
377 2389 487 2455 veniat
500 2390 534 2454 in
549 2389 637 2455 curia
650 2391 870 2477 predictorum
886 2390 1040 2477 Quinque
1056 2391 1224 2470 Portuum,
1235 2401 1270 2456 et
1283 2391 1329 2456 ibi
1342 2412 1393 2456 re·

242 2489 340 2576 cipiet
361 2491 537 2577 justiciam.
581 2493 640 2559 Set
669 2515 732 2579 qua
756 2494 881 2560 ratione
905 2495 959 2561 vel
980 2493 1173 2560 necessitate
1200 2492 1262 2558 hec
1283 2493 1393 2558 omnia

241 2593 427 2677 predicta
400 2615 446 2659 ers
461 2615 614 2659 concessa
629 2605 716 2676 sumt,
730 2596 851 2662 nescio.

285 2697 338 2761 De
353 2696 538 2783 Episcopis,
553 2697 609 2782 qui
622 2707 758 2783 propter
770 2695 1025 2762 inobedientiam
1040 2695 1133 2762 missi
1148 2697 1440 2783 suntRomam,1>a
1453 2706 1581 2770 epicope

242 2817 310 2862 ιιοιι
338 2807 391 2863 est
418 2798 480 2864 sub
510 2796 638 2863 silentio
666 2798 929 2882 pretereundum.
988 2797 1099 2872 Quod,
1129 2797 1199 2882 jam
1235 2819 1320 2863 anno
1357 2787 1467 2882 et'⁸„·„„
1426 2771 1612 2882 mma„

241 2898 377 2963 dimidio
390 2899 528 2987 elapso,
557 2919 631 2962 cum
668 2897 794 2981 Regina
829 2895 959 2981 Anglie,
996 2897 1111 2961 Petrus
1147 2899 1187 2962 de
1225 2896 1467 3012 Sauweyaw
1400 2898 1611 2973 mannase

243 3000 365 3066 Comes
379 2981 566 3079 Warennie,
581 2998 680 3085 Hugo
704 2999 812 3084 Bigot,
834 3006 869 3064 et
889 2996 1134 3063 innumerabilis
1149 2997 1291 3084 populus
1307 2969 1467 3063 mili-‘m

241 3109 312 3166 tum
327 3109 362 3166 et
376 3102 595 3181 servientium,
610 3123 686 3167 oum
700 3122 818 3187 magna
841 3099 954 3180 classe,
968 3099 1139 3166 fuissent
1130 3123 1165 3166 ιιι
1192 3100 1342 3166 Flandria
1357 3112 1391 3166 et

241 3211 482 3289 proposuerunt
504 3203 614 3270 venire
639 3202 675 3267 in
701 3201 889 3289 Angliam
879 3225 914 3268 ιιι
944 3224 1043 3268 manu
1073 3201 1178 3268 valida
1206 3210 1241 3268 et
1268 3213 1392 3268 armata

149 3375 150 3378 Ἴ
241 3323 340 3388 super
366 3303 530 3376 Comitem
553 3305 729 3371 Leicestrie
754 3315 789 3371 et
813 3305 987 3392 complices
1014 3326 1103 3385 suos,
1126 3303 1250 3392 legatus
1275 3305 1390 3386 Rome,

242 3406 299 3493 qui
313 3428 400 3472 nuuc
414 3416 467 3471 est
477 3407 576 3494 Papa,
590 3416 669 3474 tuno
684 3407 829 3473 existens
843 3407 878 3474 in
893 3405 1041 3493 partibus
1055 3407 1129 3488 illis,
1145 3406 1320 3487 sentenltia
1334 3429 1437 3492 ex·s0,
1449 3431 1480 3481 es
1492 3439 1525 3480 μ,

240 3495 543 3575 communicationis
568 3509 738 3575 innodavit
763 3509 887 3576 dictum
918 3507 1093 3588 Comitem,
1121 3517 1156 3573 et
1183 3529 1298 3573 omnes
1328 3507 1391 3574 sibi

240 3613 432 3703 adherentes
457 3612 493 3678 in
518 3623 689 3697 prenotata
713 3613 957 3700 perturbatione
983 3611 1074 3697 regni
1097 3607 1225 3694 Anglie,
1254 3616 1289 3672 et
1313 3608 1391 3673 aub-

238 3717 350 3805 pcsuit
365 3714 539 3782 Civitatem
555 3715 800 3781 Loudoniarum
814 3713 1029 3782 ecclesiastico
1040 3710 1213 3778 interdicto
1227 3719 1261 3775 et
1275 3731 1390 3776 omnes

238 3829 273 3885 et
299 3819 372 3884 loca
400 3817 479 3883 dicti
508 3815 647 3883 Comitia
676 3826 711 3882 et
739 3815 802 3882 sibi
830 3815 1075 3895 adherentium
1101 3823 1135 3879 et
1162 3811 1226 3880 hoc
1246 3811 1390 3898 injunxit

240 3919 433 4007 quibusdam
448 3920 622 4007 Episcopis
636 3920 753 4005 Anglie
761 3918 882 3985 ibidem
893 3916 1108 3984 existentibus
1130 3924 1167 3980 ut
1181 3914 1300 3980 dictam
1317 3936 1391 3980 sen·

236 4021 372 4087 tentiam
383 4043 475 4086 suam
485 4031 520 4086 et
529 4021 710 4106 predictum
720 4019 929 4086 interdictum
937 4039 996 4104 per
1009 4027 1113 4083 totam
1123 4015 1274 4102 Angliam
1285 4014 1390 4080 divul-

237 4133 362 4212 garent.
405 4123 452 4186 Et
476 4123 552 4207 quia
574 4117 639 4207 lpsi
662 4123 727 4187 hoc
750 4144 817 4187 non
838 4121 996 4200 iecerunt,
1011 4117 1217 4196 Ootobonus,
1232 4117 1288 4201 qui
1301 4138 1390 4182 nuno

237 4238 290 4296 est
304 4227 447 4314 Legatos
459 4227 577 4308 Βοιιιο,
591 4225 670 4292 iecit
682 4225 773 4313 ipsos
788 4223 899 4292 venire
912 4244 1022 4291 coram
1037 4243 1072 4289 se
1086 4220 1174 4308 apud
1188 4217 1388 4300 londonias,
