3920 5022
570 605 827 669 vrouoosrrruu
852 618 1137 664 nosnosrnuuu.
1379 597 1435 672 37'

278 777 319 842 de
340 767 495 862 predictis
517 782 591 840 octo
613 774 691 839 viris
713 772 881 838 convictus
901 770 965 834 fuit
986 768 1107 854 aliquid
1131 768 1216 834 male
1242 767 1425 853 deliquisse.

276 879 370 943 Τιιιιο
396 877 550 962 temporis
573 875 651 941 novi
676 873 888 939 Aldermsnni
909 873 1002 937 electi
1028 881 1107 937 sunt
1131 891 1190 956 per
1214 869 1365 948 Wardss,
1393 877 1428 933 et

278 980 379 1065 positi
407 980 440 1043 in
466 978 600 1062 singulis
625 976 756 1041 Wsrdis
779 976 908 1041 illorum
934 976 989 1062 qui
1015 974 1155 1060 depositi
1179 974 1321 1051 fuerunt,
1344 971 1430 1036 sicut

278 1082 459 1167 predictum
483 1089 544 1160 est,
570 1089 706 1163 excepto
729 1079 816 1163 quod
830 1078 953 1142 Wsrds
972 1099 1035 1163 que
1055 1077 1118 1142 fuit
1136 1074 1274 1160 predicti
1293 1074 1429 1138 Arnsldi

278 1183 336 1247 filii
358 1181 534 1248 Thedmari
555 1181 712 1246 remansit
735 1180 770 1244 in
795 1202 895 1244 manu
923 1178 1069 1244 Maioris.
1127 1179 1173 1242 Et
1196 1177 1363 1242 sciendum
1378 1187 1430 1242 est

280 1283 446 1370 predictus
456 1283 620 1348 Amaldus
635 1283 676 1347 de
684 1281 804 1347 nichilo
814 1282 877 1346 iuit
889 1291 1041 1361 rectatus,
1056 1280 1120 1345 nisi
1132 1280 1172 1345 de
1185 1289 1305 1344 ststera
1315 1303 1326 1357 3
1336 1280 1429 1364 cujus

281 1388 399 1452 modus
414 1385 616 1472 ponderandi
631 1393 774 1450 correcte
786 1385 850 1448 tuit
863 1407 921 1470 per
934 1385 1043 1470 ipsum
1060 1392 1094 1448 et
1112 1404 1170 1468 per
1184 1383 1275 1460 ulios,
1296 1380 1381 1446 sicut
1394 1379 1429 1443 iu

283 1488 347 1552 hoe
375 1487 484 1551 rotulo
512 1495 714 1572 prenotatur.
768 1484 833 1550 Sed
861 1487 942 1572 ipse,
983 1487 1058 1570 plus
1100 1484 1166 1550 odii
1190 1484 1304 1550 fomite
1333 1503 1431 1568 quem

280 1589 404 1653 meritis
419 1589 487 1652 suis
501 1587 720 1673 exigentibus,
740 1587 825 1652 inter
848 1588 928 1653 alios
953 1589 1016 1653 fuit
1030 1588 1217 1672 deputatus,
1233 1586 1317 1651 sicut
1340 1591 1432 1670 pstet

281 1690 316 1754 in
331 1689 552 1774 sequentibus.
597 1689 684 1753 Nsm
704 1699 828 1773 postea,
843 1689 895 1754 die
910 1699 985 1754 ante
1000 1690 1121 1753 festum
1137 1688 1247 1754 Sancti
1257 1684 1431 1765 Leousrdi,

282 1812 368 1854 anno
398 1789 534 1854 Domini
564 1791 661 1875 Regis
690 1791 793 1876 xliiij,
818 1792 853 1855 in
882 1792 979 1878 pleno
1008 1791 1203 1857 folkesmoto
1233 1790 1274 1854 ad
1304 1810 1431 1855 crucem

285 1891 394 1955 Ssncti
422 1890 524 1968 Pauli,
554 1912 662 1954 coram
677 1892 821 1957 Domino
846 1894 934 1979 Rege
963 1902 997 1958 et
1025 1893 1160 1958 consilio
1190 1915 1261 1972 suo,
1284 1891 1429 1956 Domino

284 1993 436 2059 Johanne
467 1992 621 2056 Msunsel
643 2002 828 2073 attestante,
852 1996 975 2079 Regem
997 2016 1069 2061 esse
1092 1995 1303 2060 certificatum
1322 1994 1433 2079 ipsum

284 2094 465 2160 Amaldum
484 2095 605 2179 injuste
620 2117 691 2161 esse
710 2096 934 2182 degradatum3
949 2108 984 2162 et
1003 2099 1074 2184 ipse
1088 2098 1152 2163 fuit
1162 2098 1203 2163 sd
1217 2097 1353 2184 gretiam
1363 2097 1433 2160 Do-

286 2197 367 2262 mini
382 2196 480 2282 Regis
489 2207 657 2262 revocatus
673 2208 707 2262 et
720 2198 754 2263 in
769 2211 1005 2266 statuminum
1020 2200 1201 2264 restitutus.

330 2299 405 2363 Hoc
419 2320 504 2362 anno
527 2299 719 2383 agricrrlturs
744 2301 880 2380 deiecit3
902 2324 967 2387 qus
992 2302 1171 2381 deficiente,
1197 2303 1298 2367 tumes
1324 2309 1434 2366 secuta

285 2413 337 2467 est
349 2403 405 2481 ita,
420 2401 508 2487 quod
523 2400 671 2465 homines
698 2401 738 2466 de
763 2402 848 2468 villis
873 2403 1081 2470 confluebant
1107 2404 1149 2468 sd
1175 2403 1348 2469 Civitatem
1374 2423 1434 2488 pro

286 2505 359 2570 cibo
375 2503 580 2588 acquirendo,
596 2501 669 2588 qud,
684 2504 769 2568 fsme
780 2505 1034 2587 convalescente,
1050 2507 1152 2570 mults
1167 2506 1254 2570 milis
1265 2504 1435 2570 hominum

286 2607 470 2691 perierunt;
492 2616 526 2669 et
539 2605 642 2668 mults
655 2604 748 2690 plura
762 2605 850 2671 milia
871 2610 1101 2675 occubuissent
1113 2610 1210 2687 ieme,
1224 2608 1288 2672 nisi
1302 2608 1435 2672 blsdum

287 2710 431 2775 venisset
446 2717 524 2771 tunc
539 2706 695 2790 temporis
710 2707 750 2769 de
764 2708 967 2776 Alemannis.

334 2813 410 2877 Hoc
439 2831 524 2874 anno
549 2807 612 2871 fuit
634 2807 715 2870 illud
738 2807 852 2874 insane
882 2811 1122 2875 Parlsmentum
1148 2809 1235 2894 apud
1261 2809 1485 2889 Oxoniam‚1)0
1509 2829 1660 2892 passum

290 2915 374 2978 cirea
396 2913 517 2976 festum
541 2907 651 2973 Sancti
677 2908 825 2975 Bamabe
837 2937 846 2990 3
880 2911 1004 2996 inquo
1036 2912 1240 2975 Parlamento
1269 2909 1436 2994 provisum
1450 2894 1545 2943 ΨΜ·

289 3016 352 3079 fuit
376 3023 410 3081 et
436 3012 620 3077 ordinatum
639 3030 698 3094 per
721 3009 844 3096 sliquos
869 3012 1015 3078 Comites
1041 3022 1076 3077 et
1099 3012 1244 3076 Berones
1266 3010 1382 3096 Anglie
1397 3011 1439 3075 sd

291 3116 486 3182 abolendum
500 3114 572 3179 illss
598 3114 699 3178 malas
725 3116 976 3182 consuetudines
992 3115 1109 3201 quibus
1124 3136 1272 3198 regnum,
1292 3123 1439 3199 tempore

290 3221 385 3286 istius
402 3218 511 3303 Regis,
525 3217 651 3282 tamdiu
665 3226 699 3282 et
712 3218 797 3282 ultra
811 3221 943 3285 modum
954 3221 1059 3286 fuersu
1073 3240 1265 3304 oppressum
1280 3228 1314 3282 et
1327 3240 1439 3304 grava·

291 3333 374 3400 tum,
390 3320 521 3400 scilicet,
535 3341 594 3405 per
619 3320 758 3384 eundem
775 3321 896 3405 Regem
923 3331 956 3386 et
979 3322 1059 3385 alios
1078 3320 1323 3406 potentissimos
1337 3320 1438 3404 regni.

291 3424 345 3490 Ad
371 3422 459 3509 quod
481 3422 567 3486 idem
591 3422 673 3500 Rex,
703 3430 737 3485 et
761 3422 859 3486 etism
888 3422 1022 3501 invitus,
1050 3420 1182 3506 prebuit
1207 3441 1377 3485 assensum
1405 3430 1440 3485 et

290 3528 354 3592 hoo
379 3524 510 3611 juravit.
554 3524 601 3587 Et
625 3522 666 3586 ad
685 3522 748 3586 hoc
770 3523 937 3607 negotium
957 3523 1173 3588 ordinandum
1194 3522 1288 3587 electi
1308 3524 1440 3588 fuerunt

291 3629 456 3697 Dominus
473 3626 714 3692 cantuariensis
747 3625 1029 3711 Archiepisoopus,
1060 3626 1225 3690 Dominus
1255 3625 1455 3711 Episcopus·

290 3729 549 3818 Wygorniensis,
575 3727 739 3793 Dominus
766 3726 911 3811 Rogerus
943 3727 1040 3810 Bigot
1070 3726 1284 3791 Murescsllus
1321 3726 1440 3792 Comes

292 3831 541 3909 Northffolchie,
556 3829 720 3894 Dominus
736 3829 893 3894 Ricardus
908 3827 948 3893 de
972 3827 1066 3893 Clare
1087 3827 1206 3893 Comes
1231 3827 1441 3907 Glouvemie,

292 3933 455 3996 Dominus
482 3932 595 3997 Simon
631 3933 671 3996 de
698 3929 892 3996 Monteforti
919 3929 1039 3994 Comes
1064 3929 1250 4008 leicestrie,
1277 3931 1441 3995 Dominus

296 4034 480 4098 Huniridus
502 4034 543 4098 de
562 4034 658 4097 Βοιιιι
685 4034 804 4098 Comes
833 4032 1016 4110 Heriordie,
1041 4030 1163 4096 Comes
1196 4033 1237 4096 de
1258 4031 1442 4118 Warewyk,

295 4133 415 4199 Comes
439 4134 479 4199 de
494 4134 673 4214 Albemals,
690 4134 789 4218 Hugo
805 4134 845 4199 de
861 4135 970 4220 Bigot,
987 4135 1102 4200 Petrus
1119 4135 1159 4200 de
1176 4134 1310 4219 Saveye,
1327 4135 1442 4199 Petrus
