3930 5088
540 619 798 664 vrcrcourruu
824 619 1108 665 nouuouranuu.
1352 605 1392 662 95

249 791 308 854 par
326 770 478 835 achesum
500 771 541 835 de
564 793 600 836 se
625 779 814 838 muremant
837 793 898 857 pus
920 772 951 836 le
970 779 1073 836 terme
1098 780 1195 835 avant
1217 769 1276 848 dit,
1291 768 1395 834 seiont

251 872 452 938 maintenant
465 875 585 938 rendus
601 898 620 938 a
635 895 692 938 eus
707 883 742 939 et
755 882 936 939 retournez.
982 875 1013 937 Ε
1035 873 1064 937 si
1087 873 1111 936 il
1128 873 1192 938 iert
1209 873 1269 937 nul
1282 871 1324 936 ke
1339 881 1396 956 ayt

250 985 318 1039 este
337 977 406 1062 pris
431 978 505 1062 puis
529 978 559 1043 le
581 988 683 1042 terme
709 987 807 1042 avant
828 977 887 1055 dit,
912 998 972 1062 par
994 977 1136 1042 achesun
1159 974 1205 1037 dil
1226 982 1323 1037 avant
1348 974 1397 1036 dit

249 1089 446 1155 muvemant,
477 1080 680 1144 meintenant
709 1079 771 1144 seit
800 1078 949 1143 deliverc.
994 1079 1047 1142 En
1082 1087 1235 1161 temoyne
1260 1075 1315 1154 del
1329 1079 1496 1142 cester-¹⁰⁴
1509 1085 1541 1125 ⁹⁴·

249 1180 347 1244 chose
366 1204 441 1261 nus,
457 1192 491 1246 et
505 1190 616 1246 nostre
631 1181 726 1245 chere
748 1182 842 1260 frere,
865 1180 935 1245 Sira
960 1179 1113 1258 Richard,
1127 1201 1186 1265 par
1199 1178 1231 1242 la
1249 1199 1342 1262 grace
1358 1178 1397 1242 de

248 1281 323 1345 Deu
343 1280 416 1368 Rey
437 1284 478 1348 dc
493 1284 653 1362 Alemain,
669 1307 687 1346 a
702 1294 772 1347 cest
791 1283 889 1348 escrit
912 1305 1008 1347 avum
1032 1285 1079 1348 fet
1093 1290 1194 1346 mette
1216 1303 1277 1345 nos
1300 1281 1397 1344 sicus.

246 1383 345 1447 Dune
360 1407 379 1448 a
394 1385 578 1449 Estratford
593 1387 623 1449 le
639 1385 775 1450 sezisme
794 1386 849 1470 jur
865 1385 905 1450 de
927 1385 950 1449 J
952 1385 1019 1463 uin,
1042 1385 1093 1449 lan
1118 1384 1159 1448 de
1173 1392 1285 1448 nostre
1300 1403 1398 1468 regne

247 1484 431 1570 Cinquaute
445 1486 629 1571 primerein.

291 1585 377 1666 Cito,
392 1597 516 1670 postea,
530 1589 652 1673 recepit
663 1588 826 1652 Dominus
844 1587 916 1653 Rex
931 1588 972 1652 ad
986 1609 1099 1673 pacem
1111 1609 1202 1652 suam
1212 1588 1235 1652 J
1236 1588 1398 1652 ohannem

248 1687 288 1751 de
306 1688 433 1772 Eyvila
459 1689 656 1754 Nieholaum
671 1690 712 1753 de
734 1690 885 1774 Segrave,
899 1690 1113 1754 Willielmum
1129 1690 1347 1775 Marmeyum,
1365 1699 1399 1754 et

248 1790 422 1874 complices
442 1811 566 1868 eorum,
582 1791 637 1874 qui
650 1790 807 1874 hospitati
821 1792 953 1854 fuerunt
968 1791 1052 1855 ultra
1066 1791 1215 1856 Pontem.

290 1890 385 1956 Circa
398 1891 484 1955 idem
499 1901 640 1975 tempus,
655 1891 799 1955 Domino
815 1892 903 1976 Rege
918 1913 1042 1956 moram
1057 1893 1193 1958 faciente
1208 1893 1295 1979 apud
1310 1894 1399 1962 Lens

247 1992 372 2070 donias,
386 1992 421 2055 in
440 1992 641 2076 parlamento
656 1992 743 2077 apud
758 1992 1026 2078 Wyndleshores,
1041 1994 1256 2060 existentibus
1277 1994 1397 2059 ibidem

247 2093 379 2158 domino
404 2094 492 2179 Rege
514 2094 718 2174 Alemannis,
739 2094 874 2161 domino
899 2096 1044 2161 Henrico
1066 2096 1133 2160 filio
1159 2097 1240 2181 ejus,
1265 2096 1398 2161 domino

247 2196 397 2281 Philippo
413 2197 541 2276 Basset,
556 2206 590 2262 et
604 2199 674 2263 aliis
684 2199 896 2284 Magnetibus
907 2199 997 2283 regni
1008 2198 1136 2283 Anglie,
1146 2199 1222 2263 facti
1232 2208 1310 2264 sunt
1320 2220 1397 2263 con·

245 2299 357 2362 cordes
373 2300 536 2364 Dominus
552 2300 733 2365 Edwardus
747 2310 781 2365 et
796 2301 915 2366 Comes
931 2301 1117 2365 Glovernie.
1362 2320 1366 2326 ’

289 2401 415 2465 Eodem
430 2423 507 2466 vero
522 2411 668 2488 tempore
682 2405 808 2470 reddita
822 2405 885 2468 fuit
908 2403 1021 2468 Insula
1036 2404 1076 2468 de
1090 2403 1154 2489 Ely
1170 2402 1316 2467 Domino
1330 2403 1398 2467 Ed-

246 2505 364 2583 uardo,
379 2504 434 2588 qui
449 2505 570 2588 recepit
591 2507 664 2571 illos
680 2529 761 2591 quos
783 2507 905 2573 ibidem
927 2507 1053 2572 invenit
1067 2506 1108 2569 ad
1122 2527 1234 2590 pacem
1259 2515 1399 2570 suamet

246 2604 287 2668 ad
308 2607 442 2690 gratiam
470 2606 606 2671 Domini
632 2609 729 2692 Regis
753 2609 853 2693 patris
880 2609 942 2687 sui,
964 2617 998 2673 et
1021 2628 1135 2672 omnes
1161 2607 1339 2670 clausturas
1364 2618 1398 2670 et

245 2709 443 2773 munitiones
463 2709 546 2773 circa
567 2709 655 2773 illam
675 2721 709 2773 et
723 2711 757 2774 in
772 2710 836 2788 illa,
852 2722 890 2774 ut
912 2711 946 2774 in
961 2719 1047 2774 terra
1065 2719 1099 2773 at
1121 2707 1155 2769 in
1178 2729 1270 2790 aqua,
1286 2707 1397 2786 factas,

243 2809 321 2875 iecit
335 2810 506 2894 prosterni.
551 2810 677 2873 Eodem
694 2809 803 2887 modo,
819 2831 933 2874 omnes
949 2809 1160 2884 munitiones,
1174 2806 1349 2885 barbekan,
1364 2818 1397 2870 et

245 2911 417 2990 claustura,
442 2931 504 2994 que
528 2910 610 2974 laete
633 2911 766 2974 fuerunt
791 2909 873 2974 circa
900 2909 1034 2972 Suwerlr
1056 2908 1133 2971 fecit
1147 2907 1310 2970 Dominus
1327 2909 1397 2971 Rex

243 3023 447 3096 prosternere
461 3023 496 3076 et
509 3011 683 3088 adnullare,
699 3009 744 3073 ita
759 3010 846 3094 quod
861 3031 928 3074 non
943 3017 1076 3093 apparet
1090 3007 1181 3070 locus
1196 3007 1333 3072 illarum.

288 3115 406 3179 Postea
418 3112 581 3178 Dominus
592 3112 663 3175 Rex
672 3110 825 3175 recedens
841 3133 860 3174 a
874 3109 1066 3188 Londoniis,
1080 3110 1246 3193 proiectus
1255 3119 1306 3174 est
1320 3132 1396 3175 cum

244 3216 356 3280 multis
373 3212 556 3280 Baronibus
572 3221 606 3276 et
620 3212 779 3278 militibus
802 3220 836 3276 et
860 3212 942 3290 aliis,
967 3211 1132 3297 peditibus
1158 3222 1192 3276 et
1218 3213 1394 3296 equitibus,

240 3316 391 3402 usquead
406 3313 618 3399 Salopesbery
624 3314 665 3377 ad
676 3313 876 3392 habendum!
886 3313 1124 3396 parlamentum
1136 3338 1211 3380 cum
1219 3316 1393 3396 Lewelino,
1399 3349 1438 3408 f„
1456 3349 1500 3396 104
1513 3356 1547 3396 φ,

242 3418 387 3503 principe
402 3415 529 3480 Wallie.

287 3520 352 3583 Hic
367 3539 471 3582 annus
487 3514 639 3581 omnibus
655 3515 758 3594 annis,
774 3523 869 3579 antea
883 3514 1001 3600 elapsis
1024 3517 1238 3601 temporibus,
1255 3527 1334 3584 tunc
1344 3521 1392 3584 vi·
1405 3552 1594 3614 Asnmfsauu.

241 3620 398 3698 rentium,
407 3619 516 3684 extitit
529 3618 721 3699 fertilior,'ut
737 3619 770 3682 in
786 3619 882 3696 arvis,
897 3619 990 3705 copia
1002 3630 1157 3704 segetum,
1170 3621 1203 3685 in
1212 3622 1392 3702 arboribus,

241 3724 334 3810 copia
344 3724 521 3801 fructuum,
536 3731 602 3786 tam
614 3722 649 3786 in
665 3722 754 3786 silvis
769 3722 851 3786 etin
867 3722 1013 3807 spinetis,
1029 3744 1125 3807 quarn
1146 3724 1179 3788 in
1200 3726 1344 3809 gardinis
1359 3739 1393 3792 et

241 3827 338 3891 etiam
353 3825 387 3888 in
402 3825 517 3889 vineis.

285 3926 535 3991 Memorandum
561 3929 649 4011 quod
676 3927 727 3992 die
754 3927 849 3992 Lune
874 3928 1025 4013 proximo
1045 3939 1120 3994 ante
1135 3930 1254 3993 festum
1280 3929 1391 3994 Sancti

241 4029 423 4107 Michaelis,
444 4052 517 4093 cum
534 4029 718 4095 Commune
732 4041 811 4096 tunc
825 4031 1031 4096 convenisset
1044 4030 1078 4094 in
1095 4031 1258 4096 Gildhalla
1272 4033 1312 4096 ad
1334 4032 1389 4096 eli-

238 4133 380 4218 gendum
401 4132 616 4196 Vicecomites
643 4133 822 4197 secundum
849 4132 1101 4198 consuetudines
1137 4155 1223 4211 suas,
1252 4132 1389 4196 missurn
