3856 5038
794 653 969 696 rnssxce.
1373 634 1483 698 lxxxix

282 799 398 858 busdam
423 799 458 860 de
486 801 575 860 causis
603 803 685 860 dictis
709 805 873 860 tenementis
901 805 930 861 in
956 803 1139 861 Emlesworth
1165 813 1194 860 ct
1217 805 1335 861 Watton
1357 815 1386 862 et
1410 806 1484 863 dicto

281 900 405 957 manerio
418 899 452 957 de
469 901 635 979 Adyngton,
646 899 735 958 donec
748 901 824 958 aliud
836 921 850 959 a
862 902 942 958 nobis
957 919 1040 976 super
1055 899 1107 959 hoc
1122 899 1277 958 habueritis
1292 902 1319 958 in
1333 902 1483 971 mandatis,

281 1049 311 1094 ad
330 1057 524 1096 coronamentum
541 1049 632 1096 domini
654 1050 724 1110 Regis
742 1050 772 1095 ad
793 1049 929 1096 iaciendum
946 1065 1021 1095 unum
1042 1049 1158 1095 ferculum
1170 1065 1212 1110 pro
1225 1051 1322 1096 domino
1335 1051 1407 1112 Rege,
1419 1051 1484 1110 quod

282 1135 379 1176 vocatur
390 1129 455 1176 Meos
466 1130 496 1175 de
508 1131 614 1186 Geroum
622 1131 756 1190 sumptibus
767 1131 858 1176 domini
871 1129 942 1190 Regis
953 1131 977 1176 in
990 1145 1038 1176 una
1050 1131 1097 1176 olla
1108 1131 1181 1178 lutea.
1218 1131 1249 1177 Et
1260 1131 1345 1178 dicunt
1356 1132 1421 1193 quod
1433 1145 1484 1191 pre-

282 1210 346 1256 dicta
356 1210 473 1256 hereditas
483 1210 554 1256 simul
565 1223 620 1255 cum
631 1210 684 1255 aliis
695 1209 763 1256 terris
779 1210 937 1256 descendebat
948 1211 1038 1270 prelato
1050 1209 1149 1270 Hugoui
1160 1216 1185 1257 et
1202 1211 1302 1256 leubelle
1319 1211 1388 1256 uxori
1405 1225 1447 1257 sue
1458 1217 1486 1256 ut

278 1292 320 1351 jus
331 1297 354 1338 et
366 1292 483 1338 hereditas
502 1293 575 1352 ipsius
591 1290 691 1338 Isabelle
709 1307 752 1352 per
770 1302 871 1338 mortem
888 1293 988 1352 predicti
1007 1292 1103 1338 lieberti
1116 1292 1231 1352 Aguillon
1243 1299 1294 1353 post
1306 1293 1484 1339 matrimonium

240 1380 244 1390 ·
282 1375 345 1419 inter
362 1373 479 1434 prelatum
501 1371 630 1433 Hogonem
648 1380 672 1420 et
689 1373 813 1420 isabellam
828 1379 984 1420 contractum.
1020 1372 1145 1434 (Extant.)
1181 1374 1272 1422 Dicunt
1288 1375 1359 1420 etiam
1375 1374 1440 1434 quod
1452 1379 1487 1420 eet

282 1455 370 1501 ibidem
382 1455 503 1514 quoddam
514 1453 615 1514 capitale
626 1456 773 1516 mesuagium
784 1470 840 1501 cum
851 1456 951 1514 gardino
959 1457 1091 1516 adjacente,
1101 1470 1150 1502 uno
1158 1471 1213 1501 cum
1224 1457 1375 1516 eysiamentis
1386 1456 1485 1516 grangia

283 1536 313 1581 de
332 1535 507 1595 Waldyngham
528 1542 552 1581 et
570 1535 631 1581 valet
649 1550 801 1596 perannum
822 1538 908 1583 xviiid.
942 1537 1042 1583 Summa
1061 1537 1139 1583 totalis
1158 1537 1230 1584 huius
1248 1538 1408 1597 inquisitionis
1426 1536 1483 1582 xilr'.

282 1617 411 1677 qrraclmns.
446 1615 507 1662 Inde
524 1616 550 1661 iu
568 1616 686 1662 auxilium
703 1616 854 1664 vicecomitis
872 1618 968 1664 Surreie
988 1619 1018 1664 ad
1038 1619 1123 1664 testum
1136 1619 1227 1664 Natalis
1245 1617 1341 1664 Domini
1361 1617 1432 1662 viiid.
1454 1617 1485 1662 od

283 1695 437 1742 Pentecosten
459 1697 533 1744 xxid.
551 1702 576 1743 et
594 1698 625 1743 sd
644 1697 730 1743 testum
747 1697 829 1744 Sancti
851 1697 973 1744 Michaelis
993 1699 1034 1743 xxi
1042 1698 1065 1744 cl.
1106 1698 1167 1744 ltem
1185 1697 1291 1744 Johsuni
1311 1697 1342 1743 de
1361 1698 1437 1744 Bures
1455 1699 1486 1743 ad

283 1776 397 1823 Pascham
410 1793 448 1824 vs.
462 1784 485 1825 et
496 1779 527 1823 ad
538 1779 625 1824 laetum
638 1777 720 1825 Sancti
733 1779 855 1824 Michaelis
864 1793 902 1825 vs.
937 1779 998 1824 item
1010 1779 1104 1824 custodi
1115 1780 1145 1824 de
1158 1778 1266 1825 Mertone
1281 1779 1337 1825 Hall
1350 1780 1443 1826 Oxonie
1454 1781 1485 1825 ad

284 1857 399 1904 Pascham
410 1865 434 1904 et
444 1860 475 1904 ad
486 1861 574 1906 festum
582 1859 664 1906 Sancti
676 1860 800 1908 Michaelis
812 1875 847 1906 rr.
857 1873 900 1919 per
910 1859 1019 1919 equalem
1031 1861 1174 1919 porcionem.
1209 1861 1270 1905 ltem
1284 1859 1388 1907 lieberto
1402 1860 1486 1908 Rusael

283 1938 323 1984 iis.
334 1938 365 1983 ad
376 1937 495 1998 predictos
507 1939 621 1985 terminos
630 1953 674 1999 per
685 1940 793 2000 equalem
808 1940 953 2000 porcionem.
996 1941 1056 1986 item
1069 1941 1165 1986 domiuo
1177 1941 1207 1986 de
1217 1941 1336 2000 Wylrham
1352 1943 1383 1987 ad
1400 1942 1486 1990 iestum

283 2017 365 2065 Sancti
378 2019 500 2066 Michaelis
512 2021 576 2067 iiiid.
610 2020 672 2068 Item
691 2022 766 2067 Priori
786 2021 873 2069 Sancte
891 2021 966 2067 Mario
980 2022 1011 2067 de
1028 2021 1157 2068 Suthwerlr
1169 2022 1200 2068 ad
1211 2023 1346 2082 predictum
1358 2024 1487 2070 terminum

284 2101 305 2144 vi
312 2101 335 2146 d.
362 2099 423 2146 Item
436 2101 512 2147 Priori
524 2103 556 2148 de
567 2101 696 2149 Levesham
708 2118 782 2149 unam
793 2103 879 2149 libram
890 2104 989 2160 cumini,
1008 2105 1111 2164 pretium
1124 2103 1162 2150 id.
1175 2111 1195 2150 et
1206 2105 1239 2152 oli.
1252 2105 1283 2150 ad
1295 2105 1430 2165 predictum
1441 2110 1487 2151 ter·

283 2183 383 2229 minum.
422 2181 522 2228 Summa
541 2183 658 2229 Redditus
674 2184 771 2230 resoluti
789 2184 863 2230 xxiia.
877 2183 912 2231 id.
925 2185 958 2231 ob.
970 2191 995 2230 et
1005 2186 1039 2230 sio
1051 2193 1156 2231 remanet
1167 2185 1198 2232 de
1209 2187 1272 2232 clero
1284 2187 1309 2232 ix
1317 2186 1343 2232 li.
1356 2187 1427 2233 ariis.
1439 2186 1486 2232 xd.

282 2263 309 2309 ob
320 2263 391 2323 quad.
425 2263 457 2310 Et
468 2265 553 2312 dicunt
573 2265 638 2325 qnod
656 2264 758 2312 Thomas
773 2267 837 2313 illius
853 2267 953 2327 predicti
970 2266 1081 2328 lingonis
1100 2275 1134 2313 ast
1150 2267 1279 2328 heressim
1290 2269 1453 2330 propinquior,
1465 2274 1489 2315 et

283 2345 329 2391 luit
340 2346 408 2392 etatis
420 2346 503 2407 viginti
514 2354 538 2393 et
550 2347 653 2392 duorum
663 2361 782 2393 annorum
794 2347 833 2394 die
846 2347 929 2394 Sancti
942 2348 1063 2395 Franciaci
1072 2349 1157 2395 ultimo
1168 2351 1285 2410 preterito.

315 2425 482 2475 Sumsntonia
516 2427 643 2488 Inquisitio
662 2434 732 2489 capta
750 2428 816 2488 apud
833 2427 923 2487 Wordy
944 2429 969 2474 iu
992 2429 1104 2476 comitatu
1128 2429 1305 2476 Suthbantonic
1327 2429 1431 2476 secundo
1450 2429 1489 2475 die

284 2506 393 2554 Octobris
403 2524 467 2556 anno
478 2511 546 2571 regni
558 2509 632 2572 Regis
643 2509 758 2557 Edwardi
770 2511 838 2557 xxxii
849 2511 879 2557 de
892 2512 967 2568 terris,
975 2513 1020 2558 &c
1029 2519 1056 2558 ut
1064 2527 1142 2572 supra.
1176 2513 1223 2569 Qui
1232 2514 1316 2559 dicunt
1327 2527 1399 2574 super
1409 2527 1486 2558 sacra-

283 2594 392 2635 mentum
402 2604 473 2637 sunm
485 2591 549 2651 quod
563 2592 635 2652 lingo
644 2591 749 2649 Bar-doli,
759 2592 798 2638 die
811 2607 859 2651 quo
869 2593 936 2650 obiit,
949 2592 1022 2638 nichil
1034 2594 1110 2640 tenuit
1124 2594 1148 2639 in
1160 2593 1280 2640 dominico
1288 2609 1331 2640 suo
1340 2601 1367 2640 ut
1379 2595 1408 2640 de
1419 2594 1489 2640 feodo

283 2671 314 2716 da
326 2670 423 2718 domino
438 2671 506 2733 chc
516 2674 541 2719 in
553 2674 630 2733 capite
642 2688 685 2719 nec
697 2675 727 2720 de
738 2674 790 2719 aliis
802 2674 826 2720 in
838 2675 952 2720 comitatu
960 2675 1073 2734 predicto.
1108 2675 1155 2730 Qui
1165 2677 1250 2722 dicunt
1258 2676 1323 2735 quod
1334 2691 1410 2721 unum
1422 2681 1487 2722 tene·

283 2759 392 2799 mentum
413 2753 437 2799 in
457 2754 572 2800 Gretham
589 2770 645 2801 cum
661 2755 811 2815 pertiuentiis
822 2763 846 2801 et
857 2761 961 2815 quatuor
977 2769 1056 2801 marce
1072 2756 1147 2801 annui
1159 2756 1268 2802 redditus
1279 2758 1303 2802 in
1317 2755 1488 2803 Emmesworth

284 2841 350 2881 tenta
361 2835 392 2881 de
404 2835 508 2883 Domino
520 2837 584 2897 Rege
596 2837 620 2882 in
633 2837 710 2897 capite
721 2851 763 2897 per
774 2837 838 2896 quod
850 2838 976 2882 servicium
986 2837 1098 2896 ignierant
1112 2843 1169 2882 eunt
1186 2837 1305 2884 hereditas
1321 2838 1429 2892 labello,
1441 2851 1489 2898 que

283 2916 330 2963 tun
341 2931 403 2963 uxor
414 2916 525 2978 Hugouis
537 2917 643 2975 Bucen,
655 2933 701 2977 que
713 2918 791 2963 eidem
802 2917 902 2964 leabelle
913 2918 1090 2963 descendebant
1106 2925 1159 2977 post
1175 2923 1275 2964 mortem
1292 2917 1390 2964 Roberti
1403 2919 1488 2978 aguil-

283 2999 350 3056 loun,
368 3000 441 3060 patria
460 2999 505 3058 sui,
523 3004 550 3045 ut
567 2998 616 3044 illie
631 3005 655 3046 et
671 2999 835 3059 propinquiori
847 2997 930 3044 heredi
941 2999 1047 3058 eiusdem
1065 2998 1180 3055 Robcrti3
1197 2998 1352 3057 quiquidem
1371 2999 1488 3045 Rcbertue

285 3082 400 3142 Aguillon
410 3082 469 3127 obiit
481 3095 546 3128 nuuc
554 3081 585 3126 ad
593 3081 675 3126 decem
686 3085 710 3126 et
719 3088 771 3126 octo
782 3095 857 3126 annos
868 3086 920 3140 post
931 3087 1025 3140 tempus
1037 3095 1086 3140 quo
1095 3079 1173 3126 dictus
1182 3079 1255 3140 Hugo
1264 3081 1353 3126 dictam
1362 3079 1487 3126 isabellam

285 3163 433 3222 desponsavit
449 3169 473 3209 et
492 3177 522 3209 ex
540 3177 568 3208 ea
583 3162 672 3223 prolem
690 3162 828 3220 suscitavit3
845 3169 868 3208 et
886 3169 938 3223 post
957 3169 1057 3208 mortem
1076 3163 1132 3208 dicti
1157 3163 1252 3208 ltoberti
1270 3163 1334 3208 dicta
1351 3169 1488 3209 tenemento

285 3244 362 3289 saisita
378 3245 476 3291 hremnt
492 3245 517 3291 in
532 3259 630 3291 manum
642 3245 733 3292 domini
746 3245 817 3306 Regis
827 3251 851 3292 et
861 3259 893 3291 ex
904 3244 1018 3305 postfacto
1032 3245 1103 3290 dictis
1114 3243 1213 3305 Hugoni
1225 3251 1249 3290 et
1260 3243 1360 3291 isabelle
1371 3245 1488 3300 restituta,

285 3323 349 3369 dicte
360 3323 460 3370 isabella
470 3331 584 3385 tanquam
595 3325 719 3372 heredites.
753 3325 815 3371 Item
832 3325 917 3372 dicunt
928 3326 994 3388 quod
1011 3331 1046 3371 est
1061 3327 1086 3372 in
1103 3325 1168 3372 dicto
1179 3331 1315 3372 tenemento
1326 3326 1357 3373 de
1370 3325 1486 3372 Gretbam

286 3418 335 3450 una
345 3405 444 3464 grangia
454 3413 478 3451 et
489 3420 538 3451 una
549 3408 643 3454 boveria
654 3408 739 3454 debilis
750 3413 860 3468 cooperte
873 3422 928 3454 cum
939 3409 1051 3455 stramine
1063 3417 1086 3454 et
1094 3408 1155 3455 valet
1163 3423 1219 3454 cum
1232 3408 1299 3454 exitu
1309 3408 1380 3454 unius
1393 3407 1487 3468 gardini

285 3501 329 3548 per
339 3500 430 3532 unum
442 3486 503 3533 xiid.
533 3486 655 3548 (Extent.)
690 3489 751 3535 Item
762 3495 819 3535 sunt
829 3490 895 3548 apud
911 3489 1083 3536 Emmesworth
1095 3490 1134 3535 xri
1146 3490 1284 3536 custumarii
1296 3489 1422 3536 reddentes
1433 3489 1488 3534 iiii0'

286 3583 376 3616 marces
387 3583 429 3630 pro
440 3570 551 3615 omnibus
558 3571 661 3616 serviciis
671 3571 696 3616 in
707 3585 794 3631 grosso
828 3571 890 3616 ltem
906 3570 990 3616 dicunt
1001 3571 1066 3630 quod
1082 3571 1183 3618 Thomas
1196 3571 1300 3628 liudolf,
1311 3571 1375 3618 tilius
1385 3573 1486 3631 predicti

287 3651 405 3712 fingenio,
417 3656 451 3697 est
468 3651 519 3697 eius
535 3650 603 3697 heres
619 3651 775 3711 propinquior
793 3657 817 3698 et
837 3657 872 3698 est
889 3652 957 3697 etatis
968 3651 1053 3712 viginti
1069 3661 1093 3698 et
1111 3653 1213 3698 duorum
1230 3666 1348 3698 annorum
1363 3653 1402 3699 die
1420 3655 1488 3701 beate

287 3733 409 3779 Francisci
420 3739 473 3793 post
484 3733 569 3780 testum
582 3732 664 3779 Sancti
677 3732 800 3779 Michaelis
813 3735 838 3779 iu
855 3747 919 3780 anuo
930 3735 997 3793 regni
1010 3735 1082 3795 Regis
1097 3734 1210 3782 Edwardi
1222 3735 1311 3782 xxxiia.
1345 3735 1488 3796 Intermgau

286 3829 360 3874 quare
375 3815 419 3862 hoc
436 3815 522 3872 sciunt,
535 3816 619 3863 dicunt
629 3816 694 3876 quod
706 3817 768 3862 bene
779 3815 887 3863 recolunt
898 3816 963 3876 quod
975 3823 1045 3863 natus
1055 3817 1101 3863 iuit
1111 3818 1136 3863 in
1148 3819 1261 3864 comitatu
1274 3815 1412 3864 Hertiordie
1423 3819 1488 3878 apud

286 3895 424 3943 Wattouam
442 3897 466 3942 in
483 3910 547 3944 anuo
564 3897 631 3957 regni
650 3897 720 3956 Regis
737 3897 837 3954 decimo,
849 3903 872 3944 ct
884 3911 970 3958 magno
981 3897 1027 3944 nn
1039 3898 1095 3945 inde
1107 3899 1199 3946 locucio
1210 3905 1234 3946 et
1245 3899 1333 3946 noticia
1345 3899 1369 3943 in
1381 3899 1489 3958 partibus

291 3978 341 4024 istis
352 3979 385 4025 ita
396 3979 460 4038 quod
473 3980 534 4025 bene
546 3979 654 4025 recolunt
665 3979 729 4038 quod
742 3985 836 4026 tantum
849 3985 943 4040 tempus
954 3987 989 4026 est
999 3981 1112 4041 elapsum.

892 4062 993 4109 Summa
1003 4063 1081 4108 totalis
1093 4063 1156 4110 viiii.
1169 4064 1221 4110 xiie.
1234 4064 1268 4110 ob.

319 4141 377 4186 This
388 4142 432 4188 last
443 4143 538 4201 inqueet
548 4141 632 4188 relates
643 4143 698 4203 only
710 4149 734 4190 to
745 4144 809 4190 what
824 4157 871 4190 was
887 4143 943 4190 held
955 4144 981 4189 ol
995 4144 1035 4189 the
1051 4144 1145 4203 bingin
1157 4144 1234 4204 capite
1245 4145 1269 4189 in
1281 4144 1322 4190 the
1333 4149 1428 4200 coum,
1439 4141 1488 4188 aad

288 4227 330 4266 not
341 4227 366 4267 tc
378 4221 419 4268 the
430 4237 513 4269 monor
523 4223 550 4269 ol
559 4224 690 4270 Greuthsm
701 4225 772 4282 itself‚
781 4225 859 4270 which
872 4239 919 4270 wss
930 4224 986 4270 held
997 4225 1024 4270 oi
1032 4225 1073 4272 the
1086 4225 1154 4271 Barla
1164 4225 1191 4271 oi
1199 4225 1294 4283 Surrey.

334 4321 447 4366 chun.
465 4323 538 4366 SOG.
896 4326 917 4366 n
