3850 5020
801 665 978 716 cassans.
1399 668 1487 724 xxxv

287 815 344 874 had
357 835 389 874 so
402 815 491 885 acted,
506 817 637 874 returned
650 816 696 874 for
708 835 816 876 ansver
828 818 868 896 by
880 818 925 875 his
938 817 1020 888 brief,
1034 817 1090 874 and
1102 815 1151 874 the
1164 817 1304 875 aforesaid
1318 817 1438 874 lsabella
1451 818 1486 876 de

288 914 420 973 Fortibus
443 914 482 993 by
503 914 555 972 her
577 914 673 973 letters
697 923 803 991 patent,
826 915 888 973 that
910 914 960 972 she
989 914 1046 972 had
1069 913 1284 990 acknowledged
1315 913 1412 971 before
1438 914 1488 972 tho

285 1011 424 1070 aforesaid
438 1011 548 1070 Rohert
559 1011 624 1071 that
637 1011 688 1070 she
701 1031 758 1071 vas
772 1033 789 1070 a
803 1012 901 1070 debtor
914 1021 945 1069 to
968 1011 1016 1069 the
1030 1011 1169 1069 aforesaid
1184 1011 1332 1087 Margaret
1347 1011 1487 1069 Countess

286 1107 321 1165 of
338 1109 450 1176 Dema,
474 1110 521 1167 for
543 1109 593 1168 the
612 1110 705 1179 fruita
730 1110 828 1178 issuen,
853 1111 910 1169 and
930 1109 1012 1168 other
1034 1109 1218 1166 esnoluments
1239 1109 1329 1167 which
1355 1108 1406 1166 she
1430 1108 1487 1166 had

285 1207 411 1264 received
423 1207 453 1264 in
466 1206 515 1264 the
528 1208 595 1264 timo
608 1207 641 1264 of
651 1207 699 1265 the
712 1207 851 1266 aforesaid
864 1207 1042 1264 disturbance
1055 1206 1130 1264 from
1142 1205 1191 1263 the
1209 1225 1322 1263 mauors
1335 1205 1486 1276 aforesaid,

284 1303 315 1361 in
329 1305 390 1362 8³4
402 1304 507 1372 marks,
522 1305 564 1365 5ι.
578 1304 634 1362 and
652 1305 789 1381 sixpenca
803 1314 833 1363 to
846 1306 883 1363 be
895 1302 1031 1363 rendered
1055 1312 1085 1362 at
1105 1304 1209 1362 certain
1233 1311 1319 1362 terme
1344 1304 1415 1361 until
1438 1303 1487 1362 the

284 1400 423 1460 aforesaid
435 1420 538 1481 money
549 1421 607 1461 was
621 1401 694 1481 firlly
707 1403 789 1480 paid3
809 1402 874 1470 and,
888 1404 918 1460 in
932 1422 995 1460 case
1009 1401 1042 1459 of
1058 1401 1107 1460 the
1121 1402 1234 1460 decease
1247 1403 1281 1459 of
1291 1401 1379 1458 either
1393 1409 1484 1479 party,

284 1499 358 1558 their
377 1508 522 1558 executore
535 1519 607 1558 were
627 1508 657 1558 to
680 1500 715 1557 be
735 1501 764 1557 in
786 1500 858 1558 their
871 1519 960 1558 soom.
1001 1499 1068 1558 “Et
1082 1500 1211 1558 similiter
1226 1498 1351 1576 predicta
1364 1497 1487 1556 Isabella

285 1598 419 1673 cognovit
431 1606 459 1655 et
473 1599 609 1656 concessit
622 1617 673 1674 pro
688 1617 717 1655 se
731 1607 759 1655 et
772 1597 921 1657 heredibus
936 1598 993 1656 suis
1010 1597 1087 1673 quod
1099 1598 1124 1654 si
1136 1595 1251 1655 mobilia
1264 1596 1351 1673 ipsius
1366 1594 1486 1653 lsahelle

284 1693 377 1750 adhuc
390 1711 447 1750 non
461 1692 608 1760 sufficiant,
623 1692 730 1768 obligat
743 1712 773 1750 se
796 1701 823 1750 et
837 1693 962 1769 assignat
981 1692 1070 1752 eidem
1085 1692 1248 1770 Margarete
1268 1701 1318 1750 aut
1330 1691 1486 1748 executori-

285 1790 338 1847 bus
352 1790 410 1846 suis
423 1789 579 1846 manerium
592 1790 679 1865 ipsius
694 1788 814 1847 Isabelle
827 1788 862 1846 de
877 1788 1102 1866 Sevenhampton
1123 1791 1153 1847 in
1175 1790 1310 1848 comitatu
1323 1788 1485 1866 Wyltscire,

285 1885 362 1962 quod
373 1894 418 1943 est
436 1886 471 1943 de
483 1886 637 1944 hereditate
650 1886 737 1962 ipsius
751 1885 879 1954 Isabelle,
895 1885 931 1945 ad
945 1905 1185 1965 quorumcumque
1208 1907 1308 1945 manus
1329 1887 1485 1944 manerium

283 1982 356 2040 illud
378 1982 527 2052 devenerit,
547 1981 707 2040 habendum
727 1989 756 2040 et
778 1979 930 2040 tenendum
952 1983 981 2040 in
1005 1984 1161 2041 tenenciam
1185 2003 1250 2042 cum
1276 1983 1405 2040 omnibus
1427 1984 1485 2048 suis

284 2081 456 2160 pertinentiis
483 2101 629 2158 quousque
655 2081 752 2140 malem
779 2081 945 2158 Margareta
971 2082 1017 2139 vel
1045 2082 1087 2140 sui
1115 2091 1276 2140 executores
1304 2081 1338 2139 de
1365 2081 1485 2138 exitibus

283 2179 408 2257 ejusdem
422 2179 538 2237 manerii
554 2178 709 2237 levaverint
728 2179 873 2256 pecunim
887 2198 941 2255 que
954 2197 972 2236 a
985 2186 1061 2237 retro
1078 2179 1172 2248 fuerit,
1186 2179 1226 2237 ita
1246 2188 1340 2237 tamen
1361 2177 1437 2254 quod
1451 2177 1485 2234 de

283 2278 359 2336 dicto
378 2277 502 2334 manerio
524 2277 633 2335 nullum
655 2277 761 2335 faciant
783 2285 904 2345 vastum,
925 2276 1114 2334 venditionem
1140 2285 1190 2334 aut
1216 2276 1338 2346 exilium,
1360 2283 1393 2333 ut
1419 2294 1484 2332 cum

282 2375 429 2452 pecuniam
450 2373 539 2432 eidem
563 2373 726 2450 Margarete
749 2373 873 2432 debitam
893 2373 1055 2443 levaverint,
1076 2374 1232 2451 predictum
1251 2373 1405 2431 manerium
1419 2391 1483 2429 cum

283 2473 412 2530 omnibus
429 2472 487 2529 suis
499 2472 672 2548 pertinentiis
685 2471 834 2530 heredibus
848 2471 970 2548 predicte
985 2470 1104 2530 Isahelle
1125 2472 1273 2530 restituant
1283 2472 1312 2528 in
1326 2471 1395 2528 adeo
1408 2471 1483 2526 bono

283 2578 368 2642 statu,
383 2570 455 2627 sicut
468 2569 538 2627 illud
551 2569 711 2646 recipiant,”
722 2577 775 2628 etc.

324 2667 372 2726 On
385 2667 434 2725 the
448 2667 516 2724 Roll
538 2667 572 2724 of
592 2665 704 2725 letters
718 2667 821 2724 Patent
834 2667 868 2725 of
885 2666 933 2724 the
948 2666 1007 2725 cad
1020 2685 1087 2746 year
1109 2666 1143 2724 of
1154 2667 1255 2744 Henry
1268 2665 1325 2724 111.
1343 2665 1428 2732 lace,
1442 2683 1483 2722 ve

281 2765 349 2823 read
357 2783 388 2822 as
396 2763 506 2821 follows
517 2784 524 2821 ι
540 2771 557 2800 “
568 2763 630 2820 Rex
641 2765 781 2831 omnibus,
792 2773 845 2821 etc.
857 2764 984 2821 salutem.
999 2763 1100 2822 Sciatis
1112 2763 1188 2839 quod
1199 2763 1339 2838 Magister
1348 2762 1482 2828 Gifferus,

281 2862 450 2922 camerarius
463 2861 628 2918 venerabilis
644 2862 731 2938 petris
747 2858 918 2940 O(ttoboni)
934 2859 1032 2918 Sancti
1047 2859 1167 2916 Adriani
1188 2858 1296 2916 diaconi
1313 2857 1480 2926 cardinalis,

280 2958 433 3038 apostolice
453 2957 527 3016 sedis
540 2958 634 3035 legati,
648 2977 697 3034 per
710 2965 872 3034 preceptum
884 2964 1013 3014 nostrum
1026 2955 1130 3031 recepit
1143 2956 1310 3030 quingentas
1323 2972 1432 3011 marcas
1445 2951 1482 3009 ad

280 3077 351 3134 opus
374 3056 475 3114 dilecte
488 3054 569 3113 nobis
590 3055 646 3112 filie
661 3053 771 3112 Thome
787 3053 929 3130 quondam
951 3052 1069 3112 Comitis
1086 3051 1234 3119 sabaudie,
1249 3070 1319 3127 quas
1341 3050 1394 3106 sibi
1415 3068 1482 3106 con·

280 3155 414 3212 cessimus
428 3153 464 3211 ad
478 3173 507 3211 se
520 3151 706 3210 maritandam
720 3151 754 3208 de
767 3149 841 3208 dono
860 3159 958 3208 nostro
973 3149 1128 3207 dedecima
1141 3148 1222 3206 nobis
1240 3148 1269 3204 in
1283 3165 1371 3223 regno
1384 3153 1481 3202 nostro

280 3268 420 3317 concessa,
440 3249 576 3316 videlicet,
597 3266 614 3305 a
635 3246 799 3305 cancellario
821 3245 955 3305 Cicestrie
969 3245 1003 3303 de
1024 3245 1131 3302 decima
1150 3245 1325 3322 episcopatus
1347 3243 1482 3303 Cicestrie

279 3352 392 3404 eentum
413 3354 441 3403 et
462 3345 647 3420 quadraginta
669 3363 788 3412 marcas,
812 3363 829 3400 a
852 3343 957 3402 decano
977 3343 1112 3402 Cicestrie
1136 3351 1165 3400 et
1187 3343 1314 3400 Robertc
1337 3341 1372 3399 de
1395 3340 1481 3399 Purle

279 3441 413 3501 canonico
434 3441 569 3500 Cicestrie
593 3441 726 3498 ducentas
750 3447 779 3498 et
802 3460 888 3498 unam
908 3459 1027 3509 marcas,
1050 3460 1067 3497 c
1090 3441 1185 3516 priore
1206 3440 1240 3497 de
1265 3439 1480 3498 Bermondeseia

277 3538 464 3618 quadraginta
483 3545 513 3594 et
526 3537 649 3613 quinque
668 3555 777 3594 marcas
798 3536 832 3593 de
856 3537 963 3594 decima
984 3537 1123 3613 prioratus
1148 3537 1200 3604 sui,
1222 3555 1240 3594 a
1263 3537 1354 3612 priore
1378 3535 1480 3594 Sancte

279 3635 436 3695 Katherine
450 3633 596 3692 Linoolnie
617 3641 728 3691 centum
747 3652 857 3690 marcas
871 3633 905 3690 de
919 3632 1026 3692 decima
1045 3633 1220 3711 episcopatus
1235 3632 1388 3700 Linoolnie,
1403 3641 1432 3690 et
1446 3631 1480 3689 de

278 3735 378 3793 abbate
389 3733 423 3791 de
433 3731 580 3790 Waltham
593 3730 804 3807 quatuordecim
817 3749 926 3788 marcas
937 3730 1089 3789 dedecima
1101 3731 1212 3789 abbatie
1224 3749 1282 3788 sue.
1316 3730 1363 3787 De
1377 3729 1479 3804 quibus

277 3831 390 3910 quidem
397 3830 557 3908 quingentis
565 3830 666 3887 marcis
675 3829 814 3906 predicto
823 3828 1028 3898 cancellarium,
1036 3828 1181 3897 decanum,
1188 3827 1480 3904 Robertum,priorem

278 3937 308 3986 et
321 3929 450 3987 abbatem
464 3928 573 4005 penitus
587 3928 743 4004 quictamus
756 3934 786 3984 et
798 3945 845 3984 eas
859 3927 888 3984 in
898 3926 1029 4004 predictis
1043 3925 1156 3984 decimis
1166 3925 1296 3983 volumus
1306 3933 1335 3982 et
1343 3924 1479 3982 faciemus

277 4025 401 4084 allooari.
423 4025 457 4083 In
468 4025 558 4102 cujus,
568 4033 623 4082 etc.
637 4025 722 4081 Teste
733 4022 814 4100 Rege
822 4022 898 4100 apud
910 4022 1189 4081 westmonasterium
1203 4021 1310 4080 decimo
1322 4021 1366 4079 die
1381 4018 1480 4077 Maii-'⁹

320 4121 398 4180 Thst
410 4121 467 4180 this
481 4121 536 4198 gift
555 4120 589 4179 of
606 4121 654 4178 the
668 4120 748 4197 King
768 4129 799 4177 to
813 4119 969 4196 Margaret,
984 4117 1122 4196 daughter
1134 4119 1168 4176 cf
1189 4117 1315 4176 Thomas
1334 4115 1435 4175 Oomte
1449 4114 1482 4171 of

280 4215 384 4296 Savcy,
398 4237 453 4278 vas
466 4219 548 4277 made
568 4218 597 4275 in
611 4217 827 4294 contemplation
847 4217 881 4273 of
896 4215 948 4274 her
967 4216 1106 4291 marriage
1126 4213 1193 4272 with
1209 4214 1318 4272 Robert
1332 4209 1478 4304 Agirillop¹¹
