3930 5088
563 593 605 652 90
918 610 1078 655 cnonrcs
1105 611 1279 655 unionum
1305 611 1349 655 sr

561 759 787 825 comburentes
803 761 944 826 maneria
964 783 1023 847 per
1042 763 1168 827 diversa
1189 762 1261 827 loca
1280 761 1313 826 in
1338 761 1468 839 Bastia,
1490 760 1658 840 Norfolch,
1674 769 1712 825 et

561 862 744 942 Suthiolch‚
759 874 792 927 et
806 863 839 926 in
850 865 1006 928 comitatu
1023 864 1282 949 Cantabrigscirs
1291 890 1300 943 ;
1316 875 1349 928 et
1360 863 1535 928 Civitatem
1550 865 1709 948 Norewy-

560 985 687 1028 oensem
704 977 859 1050 ceperunt
873 975 906 1030 et
920 966 1086 1050 depredati
1101 967 1242 1046 fuerunt,
1258 977 1291 1031 et
1305 967 1397 1031 villas
1412 975 1446 1031 et
1459 965 1579 1050 burgos
1601 965 1642 1028 ad
1657 985 1709 1028 re·

559 1067 779 1152 demptionem
794 1079 977 1153 coegerunt.

340 1201 376 1248 p,
391 1201 491 1248 ,dm
505 1202 548 1250 0,
605 1171 679 1235 Hoc
694 1193 790 1251 anno,
805 1192 879 1236 cum
900 1170 1020 1235 Comes
1037 1171 1223 1248 Glovernie‚
1238 1170 1279 1234 sd
1291 1169 1479 1235 mandatum
1494 1169 1629 1235 Domini
1644 1169 1709 1234 Le·

340 1265 538 1378 :¹⁵me
560 1273 625 1359 geti
654 1273 788 1338 veniens
816 1295 929 1338 versus
959 1275 1157 1352 Londonias,
1191 1273 1307 1338 fuisset
1335 1273 1422 1358 apud
1451 1272 1709 1358 windleshores,

513 1365 519 1378 ⁸
563 1375 660 1440 Cives
690 1386 895 1441 accesserunt
924 1377 965 1440 ad
994 1376 1118 1442 dictum
1148 1377 1319 1461 Legatum,
1342 1376 1550 1441 consulentes
1575 1397 1650 1440 eum
1680 1375 1709 1440 si

563 1477 682 1544 Comes
711 1477 843 1544 deberet
866 1479 985 1543 intrare
1016 1478 1211 1558 Civitatem3
1233 1479 1289 1563 qui
1318 1477 1400 1541 dixit
1429 1500 1464 1543 se
1489 1499 1561 1544 esse
1582 1489 1708 1542 certum

561 1582 648 1669 quod
671 1581 791 1646 Comes
813 1583 875 1646 suit
897 1582 1019 1646 amicus
1042 1582 1151 1667 Regis,
1173 1592 1207 1646 et
1232 1581 1371 1646 dedecus
1397 1590 1485 1646 esset
1497 1581 1655 1666 denegare
1676 1582 1708 1645 ei

560 1685 729 1750 introitum
747 1685 906 1749 Civitatis.
950 1686 1078 1764 Postea,
1101 1685 1154 1749 die
1168 1685 1304 1749 Veneris
1320 1683 1468 1769 proximo
1494 1691 1569 1747 ante
1590 1683 1707 1746 Dcmi-

560 1787 667 1852 nicam
690 1788 883 1868 Palmsmm,
907 1786 1004 1852 Cives
1027 1787 1185 1852 miserunt
1205 1787 1363 1873 quosdam
1392 1786 1540 1851 concives
1566 1807 1643 1850 suos
1665 1785 1708 1848 ad

563 1889 737 1966 Comitem,
753 1889 1071 1974 appropinquantem
1089 1888 1274 1968 Civitatem,
1285 1897 1434 1974 rogantes
1450 1909 1523 1952 eum
1539 1909 1581 1952 ne
1595 1888 1706 1972 hospi-

561 2001 683 2058 taretur
708 1992 790 2054 infra
814 1990 987 2055 Civitatem
1017 2013 1077 2076 pro
1096 1992 1304 2057 multitudine
1332 1991 1493 2056 exercitus
1522 1991 1594 2070 sui3
1617 1991 1705 2075 quod

559 2094 631 2178 ipse
646 2091 816 2171 concessit,
831 2102 865 2156 et
879 2093 1028 2156 transivit
1042 2114 1100 2176 per
1122 2093 1260 2158 mediam
1277 2093 1450 2157 Civitatem
1466 2102 1500 2157 et
1520 2093 1704 2178 hospitatus

560 2205 611 2260 est
626 2217 699 2259 cum
722 2193 789 2257 suis
803 2193 837 2256 in
861 2193 1003 2259 Suwerk.
1048 2195 1087 2258 In
1114 2195 1253 2259 crastino
1278 2217 1366 2274 vero,
1395 2195 1624 2280 quiaLegatus
1645 2219 1705 2260 no-

559 2296 620 2360 luit
642 2295 752 2360 venire
776 2295 817 2359 ad
847 2317 923 2360 eum
939 2296 1025 2360 ultra
1045 2307 1191 2382 pontem,
1215 2297 1286 2383 ipse
1311 2297 1352 2361 ad
1378 2298 1567 2362 mandatum
1590 2300 1703 2384 Legati

557 2400 648 2464 venit
663 2398 854 2478 Londoniis,
869 2421 943 2464 cunr
964 2421 1003 2463 eo
1018 2399 1184 2464 locuturus
1199 2399 1233 2464 in
1248 2399 1381 2465 eeclesia
1396 2401 1513 2464 Sancte
1527 2401 1704 2483 Trinitatis,

558 2501 650 2567 etita
671 2501 826 2565 remansit
851 2522 925 2564 cum
952 2502 1018 2564 suis
1044 2501 1078 2564 in
1108 2500 1258 2566 Civitate.
1303 2501 1400 2566 Unde
1425 2502 1630 2568 manifestum
1655 2515 1706 2570 est

557 2604 658 2688 lquod
675 2603 794 2666 Comes
808 2601 923 2666 habuit
937 2602 1106 2666 introitum
1123 2603 1272 2668 Civitatis
1288 2625 1346 2689 per
1360 2603 1530 2667 consilium
1545 2615 1579 2669 et
1593 2629 1703 2672 assen-

558 2729 630 2772 sum
647 2707 770 2792 Legati,
787 2706 879 2790 cujus
895 2706 1029 2770 consilio
1045 2707 1142 2771 Cives
1161 2729 1221 2792 per
1242 2716 1431 2792 preceptum
1450 2706 1584 2771 Domini
1606 2709 1703 2794 Regis

558 2819 592 2874 et
616 2810 739 2895 Regine
765 2810 898 2873 fuerunt
921 2808 1075 2872 attornati
1099 2809 1240 2873 obedire.
1285 2810 1348 2873 Die
1363 2809 1458 2873 Lune
1473 2809 1621 2892 proximo
1643 2811 1704 2876 Jo-

555 2913 680 2978 hsnnes
695 2914 736 2978 de
751 2911 867 2997 Eyvile
882 2921 916 2975 et
934 2911 1107 2995 complices
1130 2910 1190 2990 sui,
1213 2911 1269 2996 qui
1290 2911 1394 2976 vocati
1418 2913 1549 2975 fuerunt
1570 2913 1702 2979 exhere-

557 3015 634 3093 dati,
648 3023 808 3080 venerunt
822 3012 908 3098 apud
932 3012 1065 3076 Suwerk
1085 3023 1118 3076 et
1139 3013 1295 3097 hospitati
1315 3021 1392 3076 sunt
1412 3011 1459 3076 ibi
1470 3039 1479 3092 ς
1503 3016 1589 3099 quod
1606 3015 1703 3080 Cives

556 3119 772 3202 intelligentes
794 3115 982 3179 munierunt
1006 3113 1189 3194 Civitatem,
1205 3126 1238 3180 et
1252 3118 1294 3181 ad
1315 3117 1471 3202 majorem
1497 3119 1702 3184 securitatem

555 3231 722 3287 nexerunt
733 3227 866 3304 pontem
881 3217 1085 3296 torneicium,
1096 3240 1138 3282 ne
1149 3219 1212 3304 ipsi
1223 3219 1398 3286 intrassent
1408 3220 1593 3286 Civitatem.
1616 3224 1702 3287 Nam

554 3321 618 3407 ipsi
629 3344 695 3384 non
710 3319 895 3384 habuerunt
909 3326 1104 3402 potestatem
1118 3319 1159 3383 ad
1170 3320 1243 3384 illos
1256 3323 1488 3408 expugnandos
1500 3323 1570 3388 sine
1582 3326 1701 3391 auxilio

557 3422 706 3500 Comitis,
721 3421 777 3507 qui
791 3421 837 3486 eis
853 3421 894 3486 ad
912 3421 975 3484 hoc
1000 3421 1154 3485 auxilium
1177 3422 1310 3508 prebere
1332 3424 1438 3489 noluit
1448 3450 1458 3502 ;
1482 3427 1625 3510 eoquod
1644 3450 1702 3513 per

554 3525 664 3610 ipsum
676 3534 709 3588 et
724 3546 815 3588 suam
831 3523 1058 3589 excitationem
1080 3535 1146 3590 tam
1169 3547 1272 3611 propa
1291 3526 1465 3592 Civitatem
1480 3539 1647 3610 venerant,
1668 3541 1703 3596 et

555 3626 657 3690 multa
671 3627 755 3690 mala
768 3647 826 3710 per
840 3626 966 3690 diversa
979 3627 1050 3691 locs
1063 3627 1215 3692 fecerant.

598 3730 726 3807 Postea,
741 3729 805 3793 cito
820 3738 897 3812 post
912 3730 1037 3794 Pascha
1051 3731 1142 3816 cepit
1151 3730 1271 3795 Comes
1286 3753 1399 3796 omnes
1415 3732 1520 3798 claves
1535 3744 1702 3818 portarum

554 3831 703 3896 Civitatis
718 3841 752 3896 et
766 3832 899 3896 tradidit
913 3833 983 3897 illas
999 3834 1116 3918 quibus
1131 3834 1234 3898 voluit
1248 3835 1289 3899 de
1305 3835 1372 3900 suis
1387 3835 1428 3899 ad
1452 3837 1703 3904 custodiendum

552 3935 721 4000 introitum
754 3945 788 4000 et
813 3936 935 4000 exitum
960 3935 1129 4015 Civitatis3
1161 3946 1195 4000 et
1232 3959 1370 4022 semper,
1396 3939 1538 4019 interim,
1562 3940 1619 4020 illi,
1646 3943 1702 4026 qui

551 4038 707 4124 hospitati
722 4039 847 4103 suntin
863 4037 1007 4118 Suwerk,
1033 4038 1217 4104 habuerunt
1243 4041 1283 4105 de
1307 4041 1358 4107 die
1384 4051 1418 4106 et
1443 4052 1539 4107 nocte
1562 4043 1700 4109 liberum

552 4141 720 4207 introitum
751 4162 809 4227 per
833 4141 971 4206 Pontem
1000 4142 1082 4205 infra
1113 4142 1298 4208 Civitatem.
1342 4145 1436 4208 Tunc
1461 4146 1571 4230 plures
1603 4146 1700 4212 Cives
