3850 5020
798 613 977 660 nuenton.
1409 593 1488 658 xxiii

288 769 396 828 comitis
411 765 520 826 Derbie
532 773 562 823 et
574 783 632 824 une
643 765 680 824 de
693 763 841 824 heredibus
862 763 1018 845 W(elteri)
1040 764 1148 823 comitis
1164 763 1327 822 Msrescalli
1340 765 1369 821 xi
1381 783 1490 824 murcos

288 887 330 926 vr.
349 867 427 924 viiid.
441 865 475 922 de
496 864 626 940 porcione
647 864 737 940 ipsam
758 865 936 940 contingente
956 863 991 921 de
1005 861 1127 922 denariis
1152 861 1240 937 Regis
1263 861 1362 920 debitis
1384 861 1419 918 de
1441 879 1492 922 nc.

286 964 388 1020 marcis
402 979 472 1039 quas
487 960 551 1018 Rex
565 961 648 1018 solvit
668 981 717 1037 per
739 980 844 1018 annum
857 961 895 1018 ed
920 959 1097 1020 scaccarium
1120 957 1333 1036 proheredibus
1349 957 1492 1017 Comitum

289 1058 522 1118 Meresoellorum
537 1058 644 1118 Simoni
664 1058 699 1116 do
723 1058 891 1116 Mouteiorti
915 1058 1009 1116 comiti
1033 1056 1185 1114 Leieestrie
1208 1064 1237 1112 et
1252 1055 1387 1113 Alienore
1411 1055 1492 1113 uxori

290 1175 339 1216 sue
352 1155 441 1214 sorori
457 1153 545 1230 Regis
559 1171 611 1230 pro
625 1153 690 1211 dote
704 1171 755 1210 sue
768 1154 803 1211 de
816 1153 898 1211 terris
912 1171 966 1230 que
979 1153 1094 1210 fuerunt
1106 1152 1242 1210 Willelmi
1256 1152 1365 1210 comitis
1380 1151 1492 1210 Maree-

288 1254 361 1320 oelli,
376 1251 517 1328 quondum
531 1250 584 1307 viri
598 1251 650 1319 sui,
664 1251 692 1306 in
708 1251 841 1318 Ybernie
856 1251 928 1308 sicut
941 1252 1099 1308 continetur
1111 1250 1141 1307 in
1155 1249 1342 1308 memorandis
1356 1250 1421 1307 enni
1435 1249 1492 1306 xlv.

289 1349 329 1408 Et
342 1349 451 1424 cxxxvij
466 1365 574 1405 marces
588 1348 644 1404 xxii
658 1347 787 1406 denarios
798 1348 833 1405 de
847 1348 884 1404 xii
897 1348 977 1405 annis
991 1346 1325 1424 preteritis-*sumerset
1334 1355 1364 1404 et
1377 1347 1494 1404 Dorset.

289 1445 383 1503 Heres
397 1445 516 1502 Isebolle
529 1445 564 1501 de
579 1443 724 1512 Pertulit,
745 1463 800 1521 qne
819 1445 875 1502 fuit
887 1446 982 1502 uxoris
998 1443 1147 1521 Regineldi
1161 1443 1196 1501 de
1212 1443 1334 1510 Mohun‚
1348 1451 1375 1501 et
1389 1461 1446 1501 uns
1458 1443 1493 1500 de

288 1541 436 1600 heredibus
451 1539 606 1621 W(elteri)
628 1542 737 1600 comitis
763 1541 926 1600 Morere-olli
950 1542 978 1598 xi
992 1559 1100 1599 meroes
1115 1539 1164 1620 (ut
1178 1537 1288 1618 supra).
1328 1540 1368 1598 Et
1381 1540 1491 1616 cxxxvij

288 1659 398 1698 merces
417 1639 475 1696 xxii
488 1638 619 1696 denarios
644 1639 678 1695 de
702 1640 740 1696 xii
764 1639 844 1696 ennio
869 1640 1009 1715 preteritis
1032 1637 1144 1714 quaudo
1170 1635 1233 1695 Rex
1255 1637 1358 1714 incepit
1379 1636 1494 1696 reddere

290 1737 429 1813 predictos
442 1735 572 1792 denarios
584 1735 620 1792 nd
629 1735 748 1803 Pnsohs,
762 1754 836 1792 anno
849 1735 1118 1795 xxxii-Suseexin.
1160 1733 1326 1792 Frenciecus
1341 1733 1376 1791 de
1390 1733 1493 1792 Bobun

290 1843 319 1892 et
334 1833 434 1892 Sibills
447 1833 481 1890 de
497 1832 632 1890 Fermriis
644 1851 715 1890 uxor
728 1835 792 1910 ejus
806 1851 863 1890 unu
876 1834 911 1892 do
925 1833 1074 1890 heredibus
1091 1829 1246 1912 W(elteri)
1257 1832 1367 1890 comitis
1382 1831 1494 1890 Mures·

291 1931 355 1989 colli
368 1931 398 1987 xi
410 1947 520 1988 meroes
534 1932 582 2008 (ut
599 1929 896 2010 supro.)—Sumerset
909 1939 938 1988 et
951 1931 1067 1988 Dorset.
1109 1928 1252 1988 Robertus
1266 1928 1301 1986 de
1316 1929 1451 2007 Aguylon
1465 1937 1494 1986 et

291 2027 423 2088 Johenne
436 2043 508 2084 uxor
517 2029 579 2103 ejus
592 2047 649 2084 uns
662 2027 697 2084 de
710 2026 858 2084 heredibus
879 2025 1030 2106 W(nlteri)
1042 2025 1152 2084 comitis
1167 2025 1329 2083 Merescelli
1343 2025 1371 2081 xi
1384 2043 1493 2082 merone

290 2145 310 2181 r
324 2124 427 2182 solidos
442 2125 490 2182 viii
501 2124 628 2182 denarios
638 2123 672 2182 de
683 2125 814 2201 porcione
823 2125 912 2200 ipsam
926 2125 1102 2200 contingente
1116 2121 1150 2180 de
1158 2122 1278 2180 denariis
1291 2121 1379 2198 Regis
1393 2119 1493 2179 debitis

292 2221 326 2278 de
341 2239 391 2278 no.
405 2221 506 2278 marcis
520 2239 590 2297 quas
615 2221 676 2278 Rex
701 2219 784 2277 solvit
807 2239 857 2295 per
880 2237 985 2277 nnnum
1007 2218 1044 2276 ed
1068 2217 1245 2277 Scoocnrium
1269 2235 1321 2293 pro
1344 2215 1493 2276 heredibus

292 2319 435 2378 Comitum
452 2317 682 2376 Merescsllorum
698 2317 805 2377 Simoni
819 2317 854 2375 de
869 2317 1036 2376 Monteforti
1046 2316 1141 2374 comiti
1156 2315 1307 2373 Leioeetrio
1317 2323 1345 2372 et
1360 2314 1494 2372 Alienore

292 2416 380 2472 sorori
396 2415 483 2491 Regis
496 2434 548 2491 pro
561 2415 626 2472 dote
640 2433 691 2473 sue
708 2415 743 2473 de
766 2416 850 2473 terris
871 2435 926 2491 que
947 2415 1062 2472 fuerumt
1086 2413 1222 2472 Willelmi
1244 2413 1354 2471 comitis
1381 2411 1493 2470 Maree-

293 2511 366 2580 oslli,
377 2512 517 2588 quondum
528 2513 582 2568 riri
593 2513 645 2580 mii,
655 2512 685 2569 in
709 2511 842 2580 Ybernie,
853 2513 925 2569 siout
937 2513 1094 2570 continenu
1104 2512 1132 2568 in
1146 2510 1332 2568 memorandis
1346 2529 1420 2567 enno
1434 2509 1491 2568 xlv.

290 2607 330 2666 Et
338 2609 447 2685 cxxxvij
462 2626 571 2666 murone
585 2609 641 2665 xxii
654 2609 783 2666 denarios
797 2609 832 2666 de
841 2609 879 2664 xii
893 2610 973 2666 unnie
987 2606 1331 2685 preteritis-meioh’
1341 2615 1370 2664 et
1383 2605 1490 2682 Logre-

292 2707 402 2764 oestrin.
447 2705 574 2782 Rogeius
599 2705 633 2762 de
652 2705 765 2784 Quinoy
778 2725 870 2763 comes
884 2706 1045 2784 Wyntonie‚
1060 2706 1108 2780 qui
1121 2704 1221 2762 hebuit
1233 2706 1263 2762 in
1276 2723 1392 2762 uxorem
1405 2721 1492 2761 uusm

291 2801 327 2859 de
340 2801 452 2858 filiabus
464 2800 603 2858 Willelmi
616 2799 650 2857 de
664 2801 801 2858 Ferrariis
814 2799 924 2858 comitis
935 2800 1041 2858 Derbie
1054 2809 1082 2858 et
1096 2800 1200 2858 unedo
1214 2800 1365 2858 heredibus
1374 2797 1494 2856 Walteri

292 2899 401 2956 comitis
416 2896 578 2955 Meresoelli
591 2897 620 2954 xi
632 2915 741 2954 merces
754 2894 769 2974 (
773 2906 805 2954 ut
819 2894 929 2973 supra).
954 2896 994 2953 Et
1007 2897 1116 2954 cxxxvii
1129 2915 1238 2952 merces
1252 2897 1309 2952 xxii
1318 2894 1445 2952 denarios
1459 2893 1494 2951 de

292 2995 331 3050 xii
340 2995 422 3052 ennio
430 2993 568 3070 preteritis
583 2993 694 3070 quando
710 2992 771 3050 Rex
784 2992 886 3068 incepit
895 2990 1008 3048 reddere
1016 2989 1105 3048 dictos
1116 2990 1243 3047 denarios
1254 2990 1290 3047 nd
1301 2989 1412 3048 Pnsche
1418 3007 1495 3048 enno

292 3091 536 3150 xxxii—Essoxis
556 3100 584 3150 et
607 3091 782 3150 Hertfordin.
846 3089 936 3166 Hugo
959 3087 993 3146 de
1021 3086 1208 3145 Mortuomnri
1232 3096 1261 3144 et
1285 3086 1403 3164 Agstbs
1422 3105 1496 3144 uxor

292 3188 353 3263 ejus
366 3207 423 3246 une
437 3189 471 3246 de
484 3189 633 3248 heredibus
647 3185 801 3268 W(elteri)
811 3187 920 3246 comitis
934 3184 1097 3246 Msrcsonlli
1110 3183 1138 3241 xi
1152 3203 1259 3242 marces
1269 3181 1434 3263 (utsupra).
1456 3184 1496 3242 Et

293 3285 403 3342 cxxxvii
426 3305 534 3345 merces
558 3288 616 3345 xxii
636 3287 765 3344 denarios
790 3285 824 3343 do
844 3284 882 3342 xii
904 3285 984 3342 annis
1007 3283 1155 3360 preteritis.
1197 3281 1244 3340 On
1268 3281 1317 3340 the
1336 3301 1411 3340 nme
1427 3279 1496 3340 Roll

292 3399 340 3438 ere
353 3380 413 3437 nlso
426 3382 533 3440 similer
545 3385 648 3442 entn'es
662 3403 693 3441 ss
707 3393 737 3441 to
754 3381 878 3440 Willism
888 3382 924 3439 de
937 3381 1075 3438 Valentiis
1088 3379 1239 3460 (Velenoe,
1253 3379 1388 3438 chef-lien
1402 3381 1436 3438 oi
1444 3379 1495 3438 the

293 3479 495 3554 Depsrtement
515 3478 591 3536 dele
604 3477 738 3557 Dromo),
761 3478 824 3535 who
837 3477 895 3536 hed
917 3486 948 3534 to
961 3478 1026 3534 wife
1049 3476 1097 3534 the
1120 3477 1259 3553 daughter
1272 3477 1306 3533 ol*
1326 3477 1443 3534 Wnrine
1457 3477 1493 3535 de

293 3574 482 3654 Munchensy‚
497 3593 551 3632 one
564 3575 597 3633 of
607 3575 656 3633 the
668 3575 743 3632 heirs
754 3575 790 3632 ol
810 3575 921 3632 Walter
935 3573 1004 3632 Enrl
1019 3572 1151 3632 Mersbsl·
1171 3575 1200 3631 in
1216 3573 1307 3632 Esset
1329 3573 1385 3632 end
1406 3573 1496 3632 Hert·

292 3672 366 3741 iord,
380 3672 436 3730 und
449 3673 483 3730 oi
494 3672 662 3751 Humphrey
676 3673 713 3730 do
726 3671 837 3740 Bohun,
851 3672 915 3730 who
935 3671 992 3729 hed
1005 3679 1035 3728 to
1049 3671 1112 3729 wife
1125 3689 1178 3730 one
1190 3671 1225 3729 of
1236 3671 1284 3729 the
1299 3670 1450 3748 daughters
1465 3673 1499 3730 oi

292 3767 419 3826 Willinm
433 3769 468 3826 de
482 3770 609 3838 Briouce,
624 3769 680 3828 snd
692 3789 746 3827 one
759 3769 792 3826 of
802 3769 851 3827 the
864 3769 939 3826 heire
953 3769 987 3825 of
997 3767 1045 3826 the
1069 3767 1153 3825 Esrls
1168 3767 1298 3828 Mershnl
1312 3769 1342 3824 in
1355 3767 1405 3825 the
1418 3786 1495 3826 seme

293 3867 427 3936 connum,
440 3867 496 3926 and
516 3868 549 3925 of
569 3868 696 3926 Willium
719 3867 753 3925 de
779 3867 935 3944 emulare,
954 3867 1017 3925 who
1039 3865 1096 3924 hed
1116 3874 1147 3922 to
1169 3865 1233 3922 wife
1255 3864 1372 3923 another
1396 3865 1430 3922 of
1446 3865 1495 3924 the

293 3962 446 4040 daughters
459 3963 493 4021 of
512 3963 637 4022 Willium
650 3965 686 4022 de
699 3964 821 4022 Brioune
833 3963 889 4022 end
902 3982 955 4021 one
969 3963 1002 4021 oi
1011 3961 1060 4021 the
1070 3963 1145 4021 heire
1159 3963 1193 4020 of
1205 3961 1314 4020 Walter
1328 3962 1397 4020 Eerl
1413 3961 1495 4019 Mer·

294 4059 364 4128 shel,
379 4061 408 4118 in
419 4060 566 4119 Wiltshire
576 4085 584 4130 ς
597 4081 629 4120 ss
642 4062 703 4120 eleo
716 4062 765 4120 the
777 4062 923 4139 following
935 4069 1016 4140 entry
1025 4061 1054 4119 in
1063 4059 1261 4119 Linoolnshire
1272 4081 1280 4116 ι
1301 4068 1319 4098 “
1330 4058 1494 4135 Mergsrete

293 4157 434 4216 comitissa
454 4157 607 4228 Lineolnie‚
628 4177 683 4235 que
702 4159 758 4217 fuit
777 4174 853 4217 uxor
872 4159 992 4218 Wolteri
1017 4159 1126 4218 comitis
1147 4157 1318 4224 Muescnlti,
1343 4175 1398 4232 qne
1412 4155 1494 4232 pleno
