3930 5088
543 600 801 646 vicedomnum
826 597 1113 644 nonnonrsnuu.
1355 580 1400 638 85

249 757 341 840 tique
354 755 457 823 firme.
494 753 593 820 Unde
606 751 680 839 ipsi,
695 750 868 816 redeuntes
882 771 902 814 e
917 749 1301 826 Perlamento,veuerunt
1312 746 1402 810 Lon-

249 858 357 934 doniis
370 857 525 942 invigiliis
538 854 748 922 Ascensionis
763 852 910 931 Domini,
920 860 955 916 et
968 850 1115 915 tulerunt
1128 847 1251 914 litteras
1266 846 1403 914 Domini

253 961 350 1044 Regis
365 962 490 1026 clauses
505 969 540 1024 et
553 966 715 1044 petentes,
729 977 866 1041 quarum
880 963 975 1019 tenor
989 952 1064 1019 talis
1079 960 1142 1016 est.

336 1063 461 1128 Littere
476 1059 613 1125 Domini
629 1059 726 1142 Regis
742 1057 783 1122 de
797 1056 927 1124 licentia
941 1053 1079 1138 eligendi
1096 1053 1251 1118 Ballivos.

296 1163 460 1228 Henricus
478 1161 543 1226 Dei
567 1159 670 1245 gratia
684 1159 756 1222 Rex
769 1157 896 1242 Anglie,
911 1156 1075 1222 Dominus
1092 1154 1260 1235 Hibernis,
1275 1165 1309 1221 et
1323 1158 1403 1222 Dux

250 1265 458 1351 Aquitannie‚
473 1262 598 1328 dilectis
624 1269 658 1326 et
671 1258 821 1324 fidelibus
837 1258 904 1324 suis
919 1257 1103 1324 Batonibus
1118 1267 1152 1324 et
1174 1258 1310 1324 Civibus
1335 1261 1403 1326 suis

251 1365 507 1442 londoniarum,
521 1363 669 1427 salutem.
714 1359 799 1424 oum
822 1360 1077 1426 concesserimus
1091 1360 1185 1426 vobis
1199 1364 1287 1448 quod
1302 1385 1405 1448 quen-

250 1469 324 1537 dam
340 1469 381 1532 de
401 1465 590 1532 concivibus
614 1462 732 1528 vestris
751 1461 879 1528 fidelem
901 1472 936 1529 et
960 1463 1147 1542 discretum,
1162 1465 1218 1548 qui
1242 1466 1345 1532 nostri
1370 1475 1405 1532 et

250 1569 412 1646 Edwardi,
437 1565 643 1652 primogeniti
665 1565 780 1643 nostri,
800 1564 948 1630 fidelitati
970 1565 1127 1630 hactenus
1148 1577 1334 1634 constanter
1347 1569 1405 1634 sd-

248 1672 345 1748 hesit,
369 1670 504 1754 eligetis,
529 1668 585 1753 qui
609 1666 716 1731 officio
729 1665 937 1732 Vioeccrnitis
963 1667 1178 1734 Middelsexie
1201 1679 1235 1733 et
1249 1669 1405 1736 custodis

252 1771 401 1836 Civitatis
417 1769 660 1834 Londoniarum
674 1767 833 1847 intendat,
847 1769 892 1834 ita
906 1769 993 1854 qnod
1008 1789 1067 1854 per
1078 1791 1136 1834 vos
1145 1781 1352 1855 presentetur
1362 1775 1406 1837 nd

251 1872 452 1938 Scaccsrium
474 1881 634 1948 nostrum,
648 1879 682 1935 et
705 1869 827 1936 ibidem
851 1870 892 1935 ab
918 1893 957 1937 eo
981 1881 1217 1936 sacramentum
1242 1873 1405 1940 fidelitatis

250 1976 432 2060 recipietur,
446 1983 546 2059 prout
556 1971 655 2038 moris
669 1982 730 2052 est,
745 1982 778 2038 et
792 1972 887 2038 nobis
903 1973 944 2036 de
957 1973 1051 2038 firma
1069 1974 1256 2040 eorumdem
1271 1991 1407 2061 respon·

252 2079 327 2144 dent
340 2078 382 2143 sd
397 2076 597 2142 Scscosrium
622 2073 824 2161 predictum
847 2077 888 2141 de
903 2097 966 2161 qua
980 2075 1197 2142 Vicecomites
1217 2079 1405 2143 eorumdem

250 2180 346 2246 nobis
360 2201 420 2265 pro
435 2179 557 2244 eisdem
580 2176 702 2242 ibidem
727 2177 905 2263 antiquitus
934 2177 1129 2262 respondere
1158 2190 1405 2246 consueverunt.

252 2283 326 2350 Que
341 2283 451 2348 omnia
458 2281 551 2346 vobi
566 2280 785 2346 concessimus
799 2279 841 2342 sd
851 2279 1052 2344 voluntatem
1067 2289 1224 2361 nostram,
1238 2281 1284 2346 ita
1295 2291 1405 2348 tamen

253 2387 339 2471 quod
354 2386 441 2450 idem
455 2386 645 2450 Vicecomes
668 2393 702 2447 et
717 2382 838 2447 Custos
861 2382 902 2447 de
924 2381 1128 2446 libertatibus
1141 2382 1281 2448 Abbatie
1295 2384 1406 2450 West

252 2487 439 2553 monasterii
467 2488 501 2552 in
530 2486 621 2550 nullo
651 2507 686 2550 se
708 2484 915 2550 intromittet.
972 2483 1076 2550 Vobis
1099 2487 1292 2552 mandamus
1317 2488 1405 2572 quod

168 2646 172 2656 .
251 2590 348 2655 telem
364 2591 405 2654 de
419 2588 607 2654 concivibus
621 2586 738 2652 vestris
766 2586 920 2671 predictis
943 2588 984 2651 ad
1007 2588 1071 2651 hoc
1084 2587 1220 2672 eligatis,
1231 2598 1265 2652 et
1284 2610 1406 2655 nomen

252 2692 323 2774 ejus
338 2691 433 2756 nobis
452 2692 532 2756 scire
557 2689 690 2754 facistis.
733 2689 831 2752 'leste
846 2710 898 2752 me
924 2689 998 2774 ipso
1020 2689 1107 2772 apud
1123 2689 1405 2774 Norhsmptonam

252 2793 357 2876 primo
372 2793 425 2857 dic
439 2792 533 2869 Maii,
548 2813 634 2854 enno
648 2789 738 2873 regni
752 2789 857 2852 nostri
867 2789 902 2855 1⁰.

298 2893 459 2957 Henricus
474 2891 539 2956 Dei
552 2889 663 2974 gratie,
678 2890 735 2952 dcc.
780 2889 943 2954 Omnibus
958 2890 999 2954 ad
1022 2911 1104 2974 quos
1117 2901 1285 2973 presentes
1299 2893 1406 2960 littere

252 2993 469 3077 pervenerint,
498 2991 646 3056 sulutem.
701 2988 818 3057 Sciatis
857 2993 944 3077 quod
982 2991 1189 3056 concedimus
1217 2993 1342 3068 dilectis
1371 3006 1407 3062 et

251 3094 401 3160 fidelibus
429 3094 549 3158 nostris
574 3091 757 3157 Beronibus
786 3102 821 3159 et
849 3093 985 3161 Civibus
1007 3093 1128 3158 nostris
1150 3091 1406 3176 Londoniarum,

254 3201 341 3285 quod
371 3200 532 3285 quendam
555 3200 596 3264 de
619 3196 807 3264 concivibus
833 3195 900 3260 suis
925 3194 1053 3260 fidelem
1079 3204 1113 3260 et
1137 3196 1324 3275 discretum,
1349 3199 1406 3284 qui

253 3300 359 3365 nostri
380 3309 414 3366 et
439 3300 603 3378 Edwardi,
628 3298 835 3385 primogeniti
859 3297 974 3376 nostri,
997 3297 1146 3364 fidelitati
1170 3300 1328 3364 hactenns
1348 3301 1405 3364 ad-

255 3402 351 3481 hesit,
366 3399 568 3487 eligent,⁰qui
592 3401 698 3466 officio
712 3400 923 3466 Vicecomitis
949 3400 1166 3466 Middelsexie
1188 3411 1223 3466 et
1247 3401 1404 3468 custodis

256 3505 407 3570 Civitatis
431 3503 675 3570 Londoniarum
704 3501 874 3567 intendere
896 3502 1012 3587 possit,
1027 3512 1061 3566 et
1086 3502 1174 3587 quod
1199 3525 1321 3570 nomen
1332 3506 1404 3590 ejus

255 3605 351 3672 nobis
377 3606 459 3671 scire
481 3605 611 3683 faciant,
635 3605 682 3668 ita
705 3606 793 3688 quod
812 3603 884 3688 ipse
908 3612 1113 3688 presentetur
1135 3605 1177 3669 ad
1202 3604 1404 3672 Scaccar'iurn

255 3719 417 3786 nostrum,
441 3716 475 3772 et
499 3706 621 3771 ibidem
647 3703 688 3768 eb
712 3726 751 3769 eo
772 3714 1008 3770 sacramentum
1032 3705 1198 3772 fidelitatis
1220 3707 1404 3792 recipietur,

255 3819 354 3896 prout
368 3809 468 3874 moris
483 3819 545 3887 est,
559 3817 594 3873 et
618 3806 714 3872 nobis
740 3806 781 3872 dc
806 3806 899 3872 firme
923 3808 1120 3893 respondent
1142 3809 1183 3872 sd
1200 3808 1404 3874 scaccarium

256 3919 404 3975 nostrum
429 3911 632 3995 predictum:
659 3931 722 3995 que
746 3911 855 3975 omnia
874 3911 922 3975 eis
945 3911 1166 3976 concessimus
1192 3910 1233 3974 ed
1255 3912 1406 3977 volunta·

257 4021 322 4074 tem
338 4023 493 4078 nostram.
537 4013 701 4078 Nolumus
712 4022 822 4076 tamen
836 4012 924 4097 quod
938 4011 1025 4078 idem
1037 4013 1226 4078 Vicecomes
1240 4021 1274 4076 et
1283 4011 1405 4077 Custos

256 4114 298 4178 de
311 4112 515 4178 libertatibus
526 4113 666 4180 Abbatie
677 4112 961 4180 westmonasterii
975 4113 1010 4178 in
1025 4115 1132 4199 aliquo
1148 4137 1183 4180 se
1197 4115 1406 4184 intromittet.
