3856 5038
761 595 937 639 essenon.
1440 577 1469 640 ci

270 740 373 816 Oning
392 748 421 799 to
442 744 545 800 certain
571 743 695 802 charters
716 745 750 802 of
770 745 907 804 feofment
928 745 1010 804 made
1034 747 1062 804 in
1085 746 1129 803 bis
1153 745 1267 802 lit'etime
1290 746 1327 821 by
1344 745 1469 804 'l'homns

267 836 345 894 Lord
361 838 486 906 Bardolf,
497 840 525 897 in
538 841 640 898 favour
654 842 687 898 oi
697 841 742 899 his
755 861 821 899 sons
835 851 865 899 to
879 842 927 900 the
937 843 1080 900 exclusion
1093 843 1126 900 of
1137 842 1181 899 his
1195 841 1313 898 nidow's
1327 841 1413 918 right,
1421 843 1469 901 the

267 934 352 992 latter
364 955 421 993 was
443 937 555 1014 obliged
576 947 606 996 to
628 957 678 996 sue
698 939 776 998 them
797 940 825 996 in
846 941 895 997 the
917 940 1019 1017 King's
1033 951 1122 1009 court,
1135 939 1192 998 and
1211 949 1242 996 to
1255 940 1375 997 demand
1397 939 1470 997 their

266 1033 427 1090 restitution
446 1033 521 1092 from
541 1035 615 1093 their
635 1036 781 1113 guardian.
824 1039 908 1095 Alter
927 1057 945 1096 a
965 1037 1034 1114 long
1047 1057 1168 1114 process,
1183 1037 1217 1095 ol
1227 1037 1318 1094 which
1333 1036 1469 1096 recordis

266 1129 391 1186 annered
404 1139 434 1187 to
448 1130 497 1188 the
511 1132 686 1208 inquisitione
700 1142 908 1209 postmortem,
924 1133 972 1191 the
988 1133 1058 1191 Enrl
1075 1132 1228 1191 consented
1248 1140 1278 1190 tc
1299 1140 1404 1190 restore
1418 1134 1470 1191 her

265 1223 358 1281 doner
371 1245 446 1302 upon
459 1226 566 1304 finding
580 1228 643 1286 that
655 1229 705 1286 the
720 1229 800 1305 Kiog
820 1229 859 1308 by
873 1229 917 1286 his
937 1229 1014 1286 brief
1030 1227 1086 1286 had
1105 1219 1259 1305 upbraided
1281 1229 1327 1287 Sir
1340 1227 1419 1286 John
1433 1230 1467 1288 de

266 1317 394 1388 Stonore‚
413 1321 468 1380 and
490 1322 538 1381 the
558 1324 638 1382 other
654 1325 771 1400 justices
792 1326 825 1382 of
836 1324 880 1382 his
904 1324 1005 1392 bench,
1018 1325 1064 1382 lor
1087 1325 1193 1401 having
1212 1324 1330 1403 delnyed
1351 1334 1381 1382 to
1403 1328 1468 1402 gire

263 1418 415 1494 judgment
433 1421 462 1477 in
483 1421 531 1479 the
552 1423 608 1480 suit
627 1443 703 1499 upon
716 1423 786 1480 view
800 1423 834 1480 of
851 1423 895 1480 his
909 1422 1006 1481 letters
1026 1431 1156 1500 patents;
1177 1422 1386 1500 whereupon,a
1406 1444 1468 1483 new

267 1523 362 1572 extent
375 1535 431 1573 was
445 1518 562 1576 ordered
575 1539 612 1576 on
626 1519 677 1576 her
697 1519 797 1577 behalt'
813 1518 846 1576 ol
864 1518 912 1577 the
932 1539 1044 1576 mauors
1059 1538 1091 1576 sc
1105 1518 1233 1586 claimed,
1248 1537 1280 1574 as
1295 1519 1425 1594 specified
1438 1522 1468 1578 in

266 1611 323 1669 this
338 1613 408 1682 urit,
423 1614 456 1671 of
466 1614 556 1672 which
571 1616 663 1691 copies
677 1617 706 1672 iu
727 1615 775 1673 the
796 1635 872 1674 same
886 1616 977 1674 words
991 1635 1063 1672 were
1081 1615 1233 1672 addressed
1246 1624 1276 1672 tc
1289 1615 1358 1672 each
1373 1617 1471 1676 sheriff

265 1708 298 1764 ol
308 1709 357 1766 the
370 1712 495 1769 counties
509 1711 628 1768 wherein
642 1713 690 1771 the
703 1711 784 1770 lende
797 1732 870 1770 were
884 1713 995 1770 situate.

306 1815 324 1841 “
334 1806 498 1876 Edwardus,
508 1808 563 1865 Dei
574 1810 665 1884 gretia
677 1809 739 1866 Rex
752 1809 865 1885 Anglie,
877 1810 1017 1868 Dominus
1030 1809 1176 1879 fflbernie,
1186 1817 1215 1867 et
1226 1810 1293 1867 Dux
1305 1811 1467 1886 Aquitanis,

266 1902 431 1960 vicecomiti
446 1903 583 1972 Suseexie,
598 1904 726 1962 salutem.
768 1905 842 1964 Cum
858 1909 957 1980 Agnes
977 1923 1032 1981 que
1052 1904 1107 1962 fuit
1128 1923 1200 1962 uxor
1215 1905 1327 1962 Thome
1350 1905 1472 1964 Bardolf

265 1999 398 2068 defuncti,
411 2002 459 2076 qui
481 2001 515 2058 (le
535 2003 616 2059 nobie
637 2003 727 2060 tenuit
749 2004 777 2060 in
799 2003 898 2079 sepite,
912 2022 1002 2078 nuper
1026 2003 1170 2078 petivisset
1193 2021 1286 2060 coram
1305 2004 1467 2080 justiciariis

264 2099 366 2156 nostris
380 2098 415 2156 ds
430 2099 525 2158 Banco
536 2119 586 2176 per
600 2101 685 2158 breve
699 2108 825 2158 nostrum
839 2120 937 2158 versus
950 2101 1110 2159 Johannem
1120 2100 1209 2158 filium
1224 2100 1334 2157 Thome
1350 2101 1470 2160 Bardolf

263 2205 292 2253 et
307 2195 501 2256 Elimbethom
513 2217 629 2256 uxorem
643 2199 704 2273 ejus
717 2199 832 2256 terciam
846 2207 952 2275 partem
966 2199 1083 2256 manerii
1102 2198 1137 2256 de
1160 2198 1311 2275 Plumpton
1325 2207 1358 2256 ut
1372 2199 1466 2257 dotem

262 2295 349 2370 ipsius
365 2297 495 2371 Agnetis,
510 2315 565 2373 que
585 2315 648 2354 enm
669 2297 808 2374 contingit
828 2297 863 2354 de
888 2296 976 2354 libero
998 2305 1156 2354 tenemento
1175 2297 1251 2372 quod
1271 2297 1327 2354 fuit
1350 2296 1466 2373 predicti

264 2391 383 2460 Thome,
398 2393 540 2469 quondam
554 2395 607 2450 viri
621 2395 674 2462 sui,
684 2402 713 2451 et
727 2393 809 2452 iidem
817 2392 963 2451 lohannes
977 2400 1006 2449 ct
1021 2392 1187 2452 Elimbetha
1200 2392 1358 2470 placitando
1371 2413 1465 2452 coram

260 2489 422 2565 justiciariis
431 2489 562 2567 predictis
571 2499 718 2548 vocassent
725 2490 790 2547 inde
799 2489 836 2546 ad
846 2497 1015 2548 warrantum
1025 2488 1185 2547 Johennem
1195 2489 1284 2546 filium
1298 2498 1326 2547 et
1334 2489 1465 2549 heredem

264 2587 382 2662 predicti
404 2587 513 2645 Thome
526 2587 600 2644 infra
618 2597 719 2645 etatem
739 2595 768 2644 et
788 2588 816 2643 in
838 2585 964 2644 custodia
977 2584 1117 2644 Johannis
1135 2586 1170 2643 de
1192 2587 1335 2644 Warcnna
1356 2588 1466 2646 comitis

267 2685 387 2753 Surreie,
412 2686 457 2742 cui
481 2685 636 2742 custodiam
661 2683 779 2742 duarum
802 2684 923 2759 partium
941 2691 1080 2740 terrarum
1101 2690 1130 2739 et
1153 2691 1382 2752 tenementomm,
1411 2703 1466 2760 que

262 2781 377 2838 t‘uerrmt
388 2781 514 2857 ejusdem
530 2781 639 2838 Thome
653 2799 742 2855 usque
756 2779 792 2836 od
811 2777 976 2853 legittimam
994 2785 1097 2834 etatem
1114 2775 1225 2834 heredis
1249 2778 1366 2853 predicti
1390 2800 1466 2837 corn·

264 2879 390 2936 misimus
413 2879 465 2936 sub
493 2887 569 2936 certa
595 2877 687 2933 forma
710 2874 877 2942 habendam,
900 2873 1074 2940 existentem,
1094 2873 1211 2948 ideoque
1238 2893 1330 2930 comes
1352 2877 1466 2934 nomine

263 2978 380 3054 predicti
398 2975 508 3033 heredis
522 2993 572 3052 per
585 2972 729 3031 licenciam
752 2971 828 3028 curie
846 2977 941 3027 nostre
954 2971 1061 3046 prefate
1077 2970 1183 3046 Agneti
1197 2970 1350 3046 predictam
1370 2970 1465 3030 dotem

264 3095 344 3133 snam
357 3074 531 3140 reddidisset,
545 3091 596 3150 per
608 3071 686 3148 quod
705 3068 910 3128 consideratum
930 3067 1062 3144 estquod
1082 3067 1179 3125 eadem
1196 3070 1294 3143 Agnes
1315 3067 1417 3126 habeat
1429 3068 1464 3127 de

264 3182 339 3231 terra
352 3172 468 3248 predicti
481 3171 591 3229 heredis
604 3171 633 3227 in
647 3168 773 3227 custodia
788 3165 905 3243 predicti
918 3166 1028 3223 comitis
1041 3164 1188 3223 existentis
1201 3165 1238 3222 ad
1251 3166 1376 3222 valorem
1390 3166 1464 3225 dotis

263 3270 429 3346 supradicte,
444 3271 516 3326 sicut
529 3288 577 3344 per
590 3266 736 3325 recordum
750 3272 779 3322 et
798 3281 960 3340 processum
980 3262 1045 3320 inde
1058 3262 1186 3320 habitum
1199 3281 1254 3338 que
1274 3281 1369 3321 coram
1383 3265 1463 3322 nobis

263 3369 292 3424 in
315 3365 479 3423 cancellaria
500 3373 597 3421 nostra
618 3364 711 3421 venire
740 3363 867 3430 fecimus,
891 3359 999 3437 plenius
1030 3367 1154 3436 apparet,
1178 3377 1229 3415 nos
1258 3376 1341 3432 super
1365 3377 1463 3416 vemm

263 3463 387 3522 valorem
408 3461 525 3518 manerii
546 3460 662 3536 predicti
683 3458 818 3535 premissa
839 3457 985 3515 occasione
1006 3456 1150 3514 certiorari
1171 3455 1304 3522 volentes,
1326 3456 1378 3513 tibi
1401 3475 1465 3532 pre·

263 3561 381 3640 cipimus
394 3557 471 3636 quod
483 3557 639 3614 manerium
652 3555 807 3632 predictum
828 3573 877 3629 per
899 3561 1103 3611 sacramentum
1125 3551 1276 3628 proborum
1290 3557 1319 3606 et
1332 3549 1464 3626 legalium

262 3660 407 3718 hominum
421 3655 454 3714 de
468 3653 571 3713 ballira
588 3661 645 3722 tua,
659 3671 709 3729 per
721 3670 793 3727 quos
807 3651 847 3707 rei
861 3650 965 3708 veritas
985 3649 1086 3706 melius
1105 3645 1170 3705 sciri
1191 3647 1301 3723 poterit,
1316 3646 1464 3722 diligenter

262 3756 372 3815 extendi
385 3755 481 3822 fedas,
490 3759 633 3829 quantum,
645 3747 782 3816 videlicet,
793 3747 885 3805 valeat
897 3763 947 3823 per
958 3763 1064 3803 annum
1078 3751 1110 3800 ut
1123 3743 1152 3799 in
1166 3742 1305 3810 dominiis,
1315 3742 1462 3819 homagiis,

262 3853 395 3922 serviciis,
409 3851 562 3910 redditibus
576 3856 605 3907 et
625 3848 686 3906 aliis
701 3846 821 3904 exitibus
841 3853 917 3902 terre
934 3844 1016 3919 juxte
1028 3860 1128 3899 rerum
1141 3839 1266 3898 valorem
1284 3839 1419 3916 ejusdem,
1433 3846 1463 3897 et

261 3960 401 4011 extentam
414 3949 595 4007 indefectam
608 3947 689 4005 nobis
703 3945 756 4003 sub
775 3943 868 4020 sigillo
889 3949 938 3999 tuo
960 3950 989 3998 et
1010 3938 1109 4016 sigillis
1129 3957 1226 3995 eorum
1239 3955 1289 4013 per
1302 3955 1373 4012 quos
1386 3936 1463 3993 lecto

259 4051 352 4118 fuerit,
367 4049 426 4106 sine
440 4046 571 4104 dilatione
591 4045 686 4102 mittas
708 4052 736 4100 et
757 4041 812 4098 hoo
832 4041 927 4097 brcre.
969 4037 1055 4094 Teste
1078 4034 1184 4109 meipso
1205 4031 1281 4109 apud
1306 4029 1460 4107 Croyndon

260 4149 350 4224 primo
364 4145 408 4204 dic
423 4145 525 4203 Marcii
538 4161 612 4201 anno
625 4141 704 4218 regni
719 4139 808 4197 nostri
822 4135 945 4214 quinto.”
959 4133 993 4214 (l
1011 4131 1124 4201 March,
1141 4128 1244 4207 1831.)
