3930 5088
555 553 812 611 vicacoasrrurs
837 563 1123 610 nounouraauu.
1352 549 1414 606 149

265 717 434 783 facultates
450 738 507 782 sue
523 717 717 797 sufficerent,
731 716 871 782 fuissent
883 714 984 780 asessi
1005 713 1039 780 in
1053 712 1198 799 prestitis
1213 721 1308 778 antea
1322 713 1415 778 lactis

265 819 839 905 adredemptioncmihvitatisversus
846 817 1026 883 Dominum
1034 815 1417 902 Regamaoquietandam.

267 921 351 1000 Qus,
366 921 499 1001 seilicet,
513 921 667 988 relaxatio
678 930 713 988 et
725 919 873 986 remissio
887 920 972 986 iacta
985 919 1049 984 fuit
1063 940 1121 1004 per
1134 918 1222 984 viros
1233 919 1359 1003 juratos
1374 916 1416 982 de

266 1024 395 1090 visneto
410 1033 444 1090 et
459 1023 500 1088 de
515 1023 628 1088 officiis
643 1024 783 1103 illomm,'
799 1022 917 1109 quibus
932 1021 1080 1089 remissio
1100 1023 1185 1088 lecta
1207 1021 1289 1102 fuit3
1311 1030 1346 1086 et
1370 1021 1416 1086 ita

266 1137 376 1211 aperte
405 1137 440 1192 et
464 1127 617 1193 distincte
646 1127 859 1192 inrotulstum
882 1133 935 1192 est
962 1126 998 1190 in
1019 1125 1135 1191 rotulis
1158 1124 1415 1191 camerariorum

266 1227 427 1306 Civitatis,
458 1228 514 1314 qui
543 1229 666 1297 seilicet
691 1229 788 1294 rotuli
817 1227 941 1294 habent
968 1227 1150 1294 recordum.
1208 1228 1255 1292 Et
1282 1226 1417 1311 insuper

266 1331 430 1398 Dominus
445 1333 517 1396 Rex
533 1353 592 1418 pro
616 1331 809 1417 quibusdam
834 1332 874 1396 de
900 1330 963 1396 illis
989 1351 1095 1416 nuper
1117 1329 1289 1417 scripserat
1310 1328 1416 1394 eidem

267 1431 387 1497 Maiori
397 1441 431 1500 et
441 1431 696 1500 Vioecomitibua
711 1431 967 1511 Londonismm‚
982 1439 1021 1498 ut
1034 1431 1099 1518 ipsi
1112 1431 1267 1498 fecissent
1281 1431 1417 1496 scrutari

267 1531 430 1617 predictos
445 1533 583 1612 rotulos,
597 1544 632 1600 et
652 1556 695 1600 ne
710 1543 824 1600 contm
844 1531 1110 1600 inrotulationem
1124 1533 1159 1600 in
1174 1533 1221 1599 eis
1233 1541 1419 1600 contentam

267 1633 358 1718 ipsos
373 1635 609 1724 gravarent'vel
622 1636 746 1721 gravari
761 1636 997 1721 permitterent.

312 1735 371 1800 Set
394 1744 504 1800 temen
533 1735 588 1802 ille
617 1737 727 1802 Maior
752 1746 866 1802 contra
888 1737 1067 1822 predictam
1096 1736 1360 1802 inrotuletionem
1389 1746 1423 1802 et

269 1838 587 1904 contramandatum
601 1840 738 1904 Domini
763 1840 862 1926 Regis
886 1863 905 1905 a
930 1840 1085 1924 predictis
1110 1839 1246 1905 Civibus
1273 1863 1422 1926 magnam

267 1938 440 2024 pecuniam
454 1941 638 2026 extorqueri
650 1941 834 2021 nitebatur3
857 1951 891 2008 et
905 1964 1034 2028 semper
1057 1943 1211 2028 promisit
1224 1952 1259 2008 at
1277 1943 1312 2007 in
1334 1943 1422 2007 bona

268 2041 333 2106 fide
347 2041 519 2106 affirmavit
533 2043 679 2128 predicto
691 2043 827 2129 populo,
842 2043 926 2109 sicut
940 2043 1157 2129 prescriptum
1182 2056 1254 2125 est3
1277 2045 1341 2124 cui,
1365 2045 1420 2108 ille

266 2143 408 2230 populus
423 2145 558 2210 eredens
571 2167 686 2210 verum
709 2146 781 2232 ipse
802 2146 890 2232 quod
904 2146 1107 2231 promiserat,
1122 2147 1151 2212 ei
1168 2148 1365 2214 adheserunt
1385 2155 1420 2212 et

269 2246 491 2314 submiserunt
501 2269 536 2312 se
547 2248 709 2314 voluntati
723 2271 802 2328 sue3
823 2248 871 2314 ite
892 2249 979 2334 quod
1004 2248 1068 2334 ipsi
1091 2270 1150 2335 per
1172 2259 1337 2329 centenos,
1360 2271 1420 2335 per

268 2349 428 2430 millenos,
442 2359 478 2415 et
489 2373 549 2436 per
564 2351 805 2417 multitudinem
819 2353 1003 2431 hominum,
1018 2373 1156 2438 quorum
1165 2375 1233 2418 non
1242 2362 1294 2418 est
1303 2375 1418 2418 nume·

267 2473 334 2532 rus,
349 2454 432 2538 pede
444 2463 478 2519 et
488 2476 572 2540 equo
583 2457 624 2519 ad
639 2456 828 2521 mandatum
843 2477 939 2520 suum
947 2475 1023 2520 eum
1038 2455 1263 2542 sequebantur.

313 2556 353 2618 In
369 2556 514 2640 predicto
529 2579 606 2624 vero
621 2559 706 2623 festo
730 2559 874 2623 Simonis
888 2568 923 2624 et
936 2558 1034 2638 Jude,
1056 2557 1193 2643 predicti
1207 2559 1419 2624 Aldermcnni

268 2665 302 2722 et
312 2658 359 2722 eis
369 2659 560 2725 adherentes
576 2681 651 2725 oum
666 2661 833 2727 venissent
847 2683 956 2726 coram
970 2661 1115 2728 nemim
1125 2663 1213 2747 Rege
1227 2675 1262 2727 et
1273 2661 1419 2728 Consilio

270 2781 339 2839 suo,
356 2760 664 2845 sioutprescriptum
677 2771 739 2839 est,
749 2762 962 2826 ostenderunt
976 2761 1034 2839 cis,
1045 2761 1183 2845 graviter
1192 2765 1419 2849 conquerendo

269 2861 406 2945 qualiter
421 2861 474 2924 ille
489 2862 630 2946 populus
645 2883 720 2926 cum
734 2862 857 2926 viribus
881 2861 950 2925 suis
975 2861 1134 2926 violenter
1155 2873 1190 2926 et
1213 2863 1333 2945 injuste
1359 2864 1420 2926 im-

269 2961 444 3047 pediebant
459 2962 649 3029 electionem
664 2984 787 3044 eorum,
804 2962 845 3027 ad
868 2983 961 3048 quoa,
985 2963 1116 3042 scilicet,
1142 2963 1257 3029 electio
1284 2964 1421 3029 Maioris

270 3073 303 3128 et
313 3062 549 3129 Vicecomitum
560 3065 594 3128 in
611 3064 751 3130 Ciuitate
762 3065 864 3151 megis
879 3085 976 3150 quam
991 3065 1033 3129 ad
1047 3065 1170 3151 sliquos
1186 3066 1265 3131 ahos
1279 3067 1422 3152 pertinet

270 3167 310 3232 de
319 3165 391 3250 jure
400 3171 414 3245 l
424 3175 458 3230 et
470 3187 598 3251 semper
608 3167 768 3253 pertinere
780 3167 960 3234 consuevit.
982 3169 1029 3234 Et
1036 3180 1230 3255 rogaverunt
1240 3170 1419 3236 Dominum
1425 3189 1465 3250 so.
1477 3183 1525 3236 ιιι
1535 3192 1571 3235 ιι

271 3269 393 3353 Regem
403 3277 438 3332 et
453 3268 635 3334 Consilium
650 3292 746 3336 suum
757 3271 885 3350 devote,
895 3279 933 3335 ut
947 3271 1018 3335 Rex
1027 3271 1125 3336 vellet
1135 3271 1247 3336 adhoc
1254 3271 1422 3338 brachium

269 3392 366 3435 suum
396 3380 431 3435 et
455 3392 589 3435 manum
616 3393 708 3436 suam
735 3395 909 3459 apponere,
932 3395 975 3438 ne
997 3373 1051 3438 ille
1074 3375 1215 3460 populus
1240 3397 1361 3441 vocans
1387 3397 1422 3441 se

270 3473 489 3540 Communem
514 3474 674 3554 Civitatis,
699 3484 733 3540 ct
758 3475 922 3560 excipiens
945 3475 1182 3540 Aldermannos
1204 3485 1238 3541 et
1263 3474 1421 3541 discretos

269 3577 356 3642 viros
373 3575 535 3656 Civitatis,
551 3597 586 3640 se
600 3576 725 3662 erigant
739 3587 852 3642 contra
872 3599 985 3662 pacem
1009 3598 1112 3656 suam,
1127 3585 1162 3642 et
1175 3585 1288 3642 contra
1309 3598 1422 3662 penam
1504 3631 1509 3642 .
1606 3631 1612 3644 .

269 3678 360 3764 regni
375 3678 436 3758 sui,
453 3678 537 3743 sicut
547 3679 727 3764 contigerat
738 3689 884 3765 tempore
901 3679 1039 3744 Comitis
1052 3679 1250 3765 Laycestrie‚
1263 3678 1423 3760 videlicet,

270 3782 399 3867 quando
413 3782 557 3847 Thomas
572 3780 659 3846 filius
673 3781 811 3862 Rhome,
826 3792 860 3846 et
878 3781 1021 3847 Thomas
1037 3781 1077 3847 de
1093 3781 1289 3847 Pullesdona
1301 3781 1348 3846 its
1369 3804 1425 3847 ex-

270 3884 425 3948 altaverat
453 3885 615 3971 populum
645 3883 795 3950 Civitatis
826 3885 911 3950 ultra
938 3885 1177 3949 Aldermennos
1207 3894 1241 3949 et
1269 3881 1426 3948 discretos

271 3983 435 4062 Civitatis,
456 3988 553 4069 quod,
569 3987 700 4072 quando
715 4007 846 4051 necesse
860 3985 933 4065 fuit,
947 3985 1056 4071 ipsum
1071 3986 1230 4071 populum
1251 4007 1318 4050 non
1333 3997 1427 4071 pote-

274 4093 348 4150 rant
367 4085 564 4169 justificere;
586 4111 645 4172 per
659 4110 732 4172 que,
757 4089 841 4153 sicut
863 4088 1026 4154 notorium
1047 4097 1098 4153 est
1120 4098 1192 4156 toto
1208 4089 1342 4167 mundo,
1356 4097 1428 4154 orta

271 4199 326 4254 est
341 4188 485 4254 mortalis
500 4209 614 4273 guerra
628 4191 663 4256 in
678 4191 803 4274 Angha.
