3920 5022
559 604 817 650 vrcacouiruu
843 605 1128 650 nonoournnun.
1363 595 1410 668 ,33

250 756 465 822 veneruntad
480 754 681 821 scaccarium
697 776 803 820 coram
820 755 1005 821 Batonibus
1029 757 1070 822 de
1091 757 1269 836 scaccario,
1292 768 1326 823 et
1341 757 1406 824 Co·

251 860 331 925 mite
344 858 552 937 Glouvemie,
571 869 605 922 et
621 857 751 922 Comite
766 857 807 921 de
823 857 1006 941 Warewyk,
1025 869 1059 922 et
1073 859 1225 924 Johannc
1241 861 1406 941 Maunsel,

250 971 286 1027 et
300 961 445 1026 Henrico
468 962 508 1025 de
528 960 588 1038 Ba,
603 969 637 1025 et
659 959 908 1025 constabulario
930 959 1053 1039 ibrris,
1066 971 1100 1025 et
1120 962 1191 1026 aliis
1210 963 1250 1027 de
1268 964 1404 1029 consilio

251 1065 360 1148 Regis.
418 1064 464 1127 Et
488 1062 611 1127 vocatis
638 1062 775 1139 Maiore,
802 1060 962 1125 Nicholao
992 1062 1056 1126 Bat
1084 1072 1119 1126 et
1147 1064 1308 1130 Nicholao
1337 1066 1405 1130 filio

249 1166 273 1234 J
274 1165 353 1244 occi,
367 1167 502 1231 Matheo
526 1164 677 1245 Bukerel,
692 1165 714 1230 J
716 1165 843 1228 ohanne
858 1163 1021 1228 Tuleshan
1036 1173 1070 1228 et
1083 1165 1107 1229 J
1108 1187 1213 1230 oanne
1228 1168 1258 1232 le
1278 1168 1403 1247 Minur,

250 1267 333 1332 dixit
342 1268 365 1332 J
367 1268 511 1356 ohannes
522 1267 676 1332 Muunsel
683 1288 792 1332 coram
804 1264 955 1329 omnibns
970 1265 1040 1328 aliis
1050 1266 1278 1332 Aldermannis
1290 1280 1324 1333 et
1335 1271 1405 1335 aliis

249 1370 448 1448 hominibus,
482 1373 505 1407 “
517 1368 607 1453 quod
637 1371 706 1434 Rex
738 1367 885 1452 sequitur
913 1387 1025 1431 versus
1054 1367 1144 1451 ipsos
1174 1369 1215 1433 de
1244 1372 1403 1454 gravami-

248 1474 346 1540 nibus
372 1485 406 1538 et
430 1471 556 1557 injuriis
581 1471 674 1536 sactis
695 1467 884 1535 hominibus
907 1469 947 1532 de
978 1467 1118 1534 Ciuitate
1146 1472 1239 1536 sua’'
1285 1474 1403 1542 Postea

248 1575 325 1639 fecit
338 1575 401 1659 legi
416 1595 515 1638 unum
534 1583 659 1658 partem
675 1571 716 1637 de
735 1571 944 1655 inquisitione
967 1571 1122 1656 predicta,
1132 1583 1166 1638 et
1180 1573 1263 1638 dixit
1277 1579 1300 1614 “
1314 1576 1402 1660 quod

249 1698 309 1763 per
339 1676 430 1762 ipsos
455 1687 490 1741 et
522 1675 655 1740 consilis
684 1695 743 1738 suu
771 1683 902 1760 gravata
931 1683 965 1737 et
991 1673 1156 1740 destructa
1184 1687 1236 1741 est
1266 1677 1401 1757 Civitas,

247 1797 344 1850 etex
366 1785 439 1864 hoc,
468 1781 617 1862 maximi,
649 1782 740 1867 quod
770 1803 830 1866 per
863 1781 937 1846 illos
969 1793 1093 1848 mutata
1122 1795 1174 1850 est
1199 1787 1303 1851 forms
1323 1787 1401 1852 faci-

248 1887 326 1952 endi
350 1887 487 1972 tallagio,
513 1886 588 1971 quia
614 1885 741 1949 rotulus
774 1885 815 1949 de
847 1883 963 1948 ultimo
996 1885 1124 1969 tallagio
1155 1889 1306 1953 nonfuit
1334 1889 1396 1956 lec·

246 2000 302 2055 tus
329 1990 365 2054 in
395 1989 558 2054 Gildhalle
593 2009 701 2052 coram
739 1987 829 2051 omni
856 1986 979 2072 populo
1008 1987 1048 2050 ad
1086 1988 1148 2054 hoc
1187 1991 1397 2070 summonito‚

249 2095 334 2159 sicut
356 2104 451 2158 antea
473 2093 542 2156 fieri
568 2090 713 2168 solebat3
740 2089 798 2154 sed
824 2089 935 2152 statim
960 2088 1046 2154 sacto
1072 2092 1212 2177 tallagio,
1241 2094 1397 2160 licentiati

246 2198 378 2263 fuerunt
389 2218 502 2261 omnes
511 2195 696 2271 talliatores,
706 2192 793 2260 dicto
804 2191 912 2256 rotulo
923 2213 990 2255 non
1000 2191 1149 2276 sigillato.
1173 2194 1219 2259 Et
1229 2195 1275 2260 sic
1288 2195 1397 2266 Maior

245 2311 281 2367 et
293 2302 340 2365 illi
355 2307 562 2365 mutaverunt
570 2298 713 2362 rotulum
724 2317 784 2381 pro
793 2295 962 2360 voluntate
974 2318 1032 2360 sua
1040 2296 1081 2360 ad
1094 2296 1304 2361 commodum
1315 2319 1395 2383 quo-

247 2404 394 2469 rumdam
404 2401 623 2468 etadaliorum
629 2397 822 2484 jacturam?
843 2396 897 2461 Ad
906 2397 1269 2483 quodrespcnsumfuit,
1281 2399 1396 2487 “quod

204 2483 208 2492 ¹
246 2507 353 2592 aliquo
361 2515 508 2590 ternpore
516 2503 642 2567 rotulus
651 2502 692 2566 de
707 2501 836 2585 tallagio
851 2500 976 2566 solebat
986 2500 1049 2586 legi
1060 2501 1095 2566 in
1108 2501 1270 2572 Gildballe
1285 2524 1393 2572 coram

245 2610 335 2673 omni
348 2608 480 2694 populo,
496 2607 554 2670 sed
566 2609 630 2669 hoc
644 2603 802 2669 omissum
817 2603 879 2666 fuit
893 2613 972 2666 tunc
987 2603 1142 2688 temporis
1166 2604 1277 2672 decem
1300 2605 1393 2674 annis

245 2709 431 2794 etamplius
446 2706 649 2772 transactis.''
693 2705 851 2782 Tandem,
860 2705 972 2768 multis
987 2704 1225 2788 objectionibus
1239 2727 1298 2790 per
1311 2706 1335 2772 J
1336 2729 1391 2771 us·

245 2813 381 2879 titiarios
395 2811 488 2875 factis
502 2817 536 2874 et
549 2805 815 2890 responsionibus
826 2825 885 2888 per
899 2804 990 2882 ulios,
1005 2804 1185 2869 defendunt
1199 2807 1261 2891 ipsi
1276 2807 1344 2871 vim
1359 2819 1393 2872 et

243 2914 405 2999 injuriam,
420 2922 454 2976 et
468 2909 556 2995 quod
573 2929 630 2993 per
644 2907 734 2990 ipsos
748 2928 816 2970 non
831 2914 882 2968 est
891 2915 1036 2970 mutatus
1051 2907 1168 2972 modus
1187 2908 1343 2986 talliandi,
1357 2919 1392 2974 et

245 3037 304 3100 per
317 3014 390 3078 illos
405 3012 513 3078 nullus
528 3018 580 3074 est
597 3016 748 3093 gravatus
762 3007 797 3071 in
811 3006 950 3090 tallagio,
962 3027 1021 3071 nec
1033 3007 1221 3094 deportatus
1233 3031 1244 3084 3
1258 3016 1293 3072 et
1302 3009 1391 3092 quod

244 3117 396 3181 ultimum
407 3112 582 3197 talliagium
593 3112 714 3174 factum
723 3110 786 3176 fuit
800 3130 858 3194 per
866 3109 953 3173 viros
968 3109 1007 3173 ad
1024 3109 1085 3173 hoc
1097 3130 1155 3193 per
1170 3119 1273 3174 totam
1288 3110 1390 3175 Com.

244 3240 377 3283 munam
392 3217 511 3282 electos
526 3225 560 3278 et
566 3213 703 3298 juratos.
736 3211 839 3297 Cujus
854 3211 985 3296 talliagii
999 3233 1127 3276 summa
1141 3211 1270 3280 redacta
1279 3212 1341 3277 fuit
1355 3213 1389 3280 in

245 3319 374 3405 scriptis
388 3341 447 3404 per
460 3316 645 3394 talliatores,
656 3335 719 3399 que
734 3315 854 3400 scripta
875 3314 981 3378 adhuc
1002 3324 1170 3381 remanent
1188 3335 1290 3400 penes
1304 3314 1389 3379 wil„

240 3423 390 3492 lielmum
397 3421 501 3486 filium
511 3418 650 3495 Ricardi,
656 3438 759 3480 unum
768 3416 808 3481 de
817 3415 1040 3495 talliatoribus,
1050 3425 1084 3480 et
1091 3417 1154 3480 hoc
1164 3417 1305 3484 offerunt
1312 3439 1388 3502 pro-

241 3525 319 3594 bare
328 3523 506 3588 secundum
516 3521 603 3605 leges
615 3519 765 3585 Civitatis
780 3517 1034 3584 Londoniarum.
1057 3517 1110 3584 Ad
1122 3519 1209 3604 quod
1223 3519 1386 3586 Henricus

242 3629 283 3694 de
298 3627 448 3692 Beluster
461 3622 590 3707 objecit,
604 3622 816 3706 interrogans,
830 3620 859 3684 si
873 3620 936 3705 ipsi
950 3619 1072 3684 vellent
1085 3641 1206 3704 ponere
1221 3641 1266 3700 se,
1286 3645 1388 3707 quan-

241 3741 313 3796 tum
327 3729 455 3808 adhoc,
470 3724 612 3792 debono
635 3735 669 3788 et
689 3723 785 3800 malo,
809 3743 905 3807 super
919 3722 989 3791 aliis
1005 3721 1135 3789 Wardis
1152 3722 1312 3803 Civitatis,
1327 3746 1386 3810 per

241 3855 320 3919 quas
330 3832 419 3896 nulla
428 3828 596 3915 inquisitio
607 3837 701 3892 antea
711 3827 795 3892 facta
803 3827 874 3890 unt.
901 3825 967 3893 Qui
979 3825 1101 3904 dicunt,
1111 3829 1131 3860 “
1140 3824 1228 3910 quod
1239 3825 1279 3890 de
1294 3828 1384 3896 omni

241 3933 494 4016 transgressione
510 3931 556 3996 eis
578 3931 730 4015 imposita
744 3929 860 3993 volunt
871 3928 1042 3992 defendere
1053 3948 1156 4011 seper
1166 3927 1252 4012 leges
1262 3937 1295 3992 et
1306 3951 1384 3994 con·

241 4032 427 4100 suetudines
433 4031 582 4096 Civitatis
591 4031 867 4096 Londoniarum.'’
883 4030 929 4095 Et
936 4029 1130 4113 quisitusest
1136 4028 1383 4114 perJohannem

240 4133 393 4206 Msunsel
406 4133 448 4198 ab
461 4133 689 4202 Aldermsnnis
704 4142 738 4198 et
751 4133 822 4206 aliis
836 4131 973 4210 civibus,
988 4130 1090 4222 qualis
1110 4141 1161 4196 est
1182 4132 1384 4214 consuetudo

283 4258 397 4304 cauo.
414 4255 487 4300 soc.
1193 4253 1213 4301 r
