3930 5088
567 565 629 624 154
922 579 1084 624 csourcn
1108 580 1284 626 unrouuu
1311 582 1355 626 su

562 729 669 794 censis
679 729 735 814 qui
749 728 869 794 ibidem
881 729 1013 794 missam
1025 730 1250 810 celebraverat,
1263 729 1383 798 (lomes
1394 729 1580 810 Glovernie‚
1590 729 1711 796 Comes

561 832 747 912 Warennie,
758 832 877 897 Comes
888 832 1091 913 Herelordie,
1102 832 1199 898 etalii
1208 833 1376 918 Episcopi,
1386 833 1542 912 Ramnes,
1551 843 1586 898 ct
1596 855 1711 898 omnes

561 943 727 1017 magnates
742 933 874 1012 ibidem,
889 943 969 999 tunc
992 944 1172 1019 presentes,
1191 936 1383 1019 juraverunt
1396 935 1484 1021 quod
1503 935 1567 1020 ipsi
1582 956 1711 1000 couscr÷

560 1045 674 1101 vorent
685 1057 797 1120 pacem
813 1036 845 1100 in
861 1058 972 1122 regno,
985 1047 1020 1100 et
1034 1037 1113 1101 totis
1127 1037 1251 1102 viribus
1266 1039 1335 1103 suis
1361 1038 1503 1102 facerent
1517 1037 1710 1116 conservari,

562 1149 596 1202 et
620 1138 707 1221 quod
733 1159 868 1222 regnum
892 1140 1094 1204 custodirent
1115 1140 1156 1203 ad
1182 1161 1267 1227 opus
1288 1141 1424 1205 Domini
1447 1139 1609 1219 Edwardi,
1630 1151 1709 1204 tunc

562 1237 731 1302 existentis
745 1238 779 1302 in
788 1239 888 1304 Terra
903 1240 1032 1306 Sancta.
1063 1241 1110 1305 Et
1120 1251 1200 1306 tuuc
1213 1263 1322 1307 coram
1334 1241 1423 1306 omni
1435 1241 1557 1327 populo
1572 1241 1708 1306 fractum

560 1352 612 1405 est
626 1340 765 1425 sigillum
778 1342 887 1427 Regis.

604 1443 732 1522 Postea,
755 1442 808 1508 die
827 1445 922 1509 Lunc
936 1445 1096 1530 sequenti,
1111 1455 1145 1510 et
1159 1445 1206 1510 sic
1221 1446 1261 1510 de
1276 1446 1328 1511 die
1342 1446 1377 1510 in
1392 1445 1489 1524 diem,
1504 1445 1661 1532 Episcopi
1675 1457 1710 1512 et

562 1545 708 1610 Barones
724 1557 947 1612 convenerunt
966 1548 1008 1611 ad
1023 1549 1157 1613 Novum
1171 1548 1345 1634 Templum
1361 1550 1403 1612 ad
1418 1557 1540 1612 statum
1554 1550 1644 1634 regni
1660 1572 1709 1624 τε,

338 1644 546 1758 ⁸¹4le
558 1648 777 1714 formandum.
1305 1717 1307 1724 ,

332 1725 507 1833 {demnas
600 1751 693 1816 Tunc
716 1754 839 1818 lactum
861 1761 913 1818 est
935 1773 1059 1818 novum
1084 1753 1227 1838 sigillum
1250 1755 1395 1818 Domino
1418 1753 1591 1833 Edwardo,
1614 1755 1707 1838 cujus¹

333 1841 478 1947 {aarum
493 1857 537 1919 ”t
556 1855 788 1941 superscriptio
811 1865 863 1921 est
883 1856 957 1920 talis
984 1856 1088 1941 qualis
1111 1857 1183 1936 fuit,
1205 1866 1332 1921 mutato
1354 1858 1560 1922 solummodo
1575 1859 1707 1923 nomine

334 1919 532 2047 cumr?
554 1955 589 2019 in
604 1977 690 2020 novo
705 1957 810 2041 sigillo
829 1957 929 2041 patris
945 1959 1006 2032 sui,
1022 1958 1101 2022 dum
1116 1957 1249 2023 vireret.
1294 1957 1340 2022 Et
1354 1959 1460 2024 factus
1474 1969 1526 2024 est
1541 1959 1706 2026 Cancella·

330 2035 534 2156 affifffdw
553 2058 620 2122 rius
636 2081 715 2122 suus
731 2059 894 2124 Walterus
910 2059 951 2136 de
966 2060 1129 2125 Mertona.

325 2183 364 2241 so,
377 2185 423 2232 134
436 2193 467 2233 φ,
640 2159 946 2241 uehementiora,

331 2267 530 2377 ffiffifoe·
642 2261 765 2326 Iterum
780 2263 945 2328 Walterus
960 2263 990 2328 le
1006 2266 1114 2329 Poter.

324 2333 525 2460 „wlff
596 2365 693 2428 Anno
708 2364 834 2442 eodem,
849 2375 943 2429 sexto
959 2364 1185 2443 nacconis,
1206 2364 1435 2447 eadmundus,
1451 2367 1581 2433 sicam
1595 2390 1699 2454 quon-

331 2460 441 2523 repotvj.
552 2465 627 2530 dam
649 2466 747 2552 Regis
766 2467 959 2532 Alemannie
979 2477 1014 2532 et
1035 2465 1175 2532 Comitis
1189 2465 1354 2531 Comubie
1367 2467 1466 2550 filius,
1493 2469 1703 2555 desponsavit

552 2566 691 2632 Gilberti
721 2568 762 2632 dc
786 2567 891 2647 Clare,
914 2566 1054 2633 Comitis
1078 2567 1255 2633 Glorernie
1277 2578 1312 2632 et
1335 2569 1523 2635 Hertfordie
1548 2592 1702 2652 sororem,

550 2669 681 2734 nomine
697 2669 926 2755 Margaretam,
946 2669 980 2733 in
1002 2671 1127 2758 capella
1142 2671 1182 2736 de
1195 2670 1375 2755 Reyslepe;
1398 2692 1461 2756 que
1475 2670 1552 2736 villa
1569 2672 1702 2745 distata

550 2772 731 2838 Londoniis
745 2794 859 2838 versus
871 2773 1073 2841 occidentem
1087 2796 1146 2860 per
1160 2773 1301 2860 spatium
1316 2773 1361 2858 xij
1377 2774 1552 2840 leucarum.

593 2874 722 2954 Postea,
736 2873 866 2939 infesto
879 2875 1115 2941 Translationis
1131 2875 1242 2940 Sancti
1257 2875 1422 2956 Edwardi,
1437 2877 1525 2961 apud
1535 2876 1700 2944 Westmo-

548 2977 736 3056 uasterium,
751 2977 916 3043 Dominus
938 2979 1147 3057 Edmundus,
1170 2978 1256 3042 filius
1273 2977 1402 3042 Ricardi
1422 2979 1586 3065 quondam
1601 2983 1700 3067 Regis

549 3077 739 3142 Alamannia
765 3087 799 3141 at
815 3077 954 3142 Comitis
972 3078 1148 3157 Cornubic,
1164 3080 1269 3142 factus
1294 3086 1345 3142 est
1360 3078 1470 3160 Miles,
1485 3090 1520 3144 et
1535 3081 1699 3147 Henricus

548 3177 588 3241 de
603 3178 682 3242 Laci
699 3177 819 3242 Comes
838 3177 1019 3256 Lincolnie,
1031 3187 1068 3243 et
1089 3179 1186 3242 multi
1205 3178 1259 3242 alii
1272 3177 1398 3244 nobiles
1414 3180 1454 3244 dc
1469 3201 1568 3266 regno
1581 3184 1700 3270 Anglie

546 3279 632 3342 etde
646 3277 869 3343 transmarinis
883 3278 1043 3363 partibus,
1058 3302 1194 3346 numero
1209 3281 1334 3346 circiter
1347 3282 1384 3346 1⁸.
1400 3293 1438 3347 ut
1452 3283 1578 3355 dicitur.

591 3379 666 3442 Hoc
681 3399 777 3456 anno,
793 3379 868 3465 quia
882 3380 1043 3446 discordia
1061 3392 1133 3447 orta
1151 3383 1214 3447 luit
1236 3383 1270 3446 in
1290 3383 1375 3448 festo
1391 3383 1533 3451 Simonis
1548 3397 1583 3452 et
1607 3389 1695 3454 Jude

545 3480 585 3545 de
611 3480 767 3546 electione
794 3481 942 3562 Maioris,
957 3483 1042 3548 sicut
1066 3485 1100 3548 in
1116 3485 1244 3550 duobus
1259 3486 1345 3551 foliis
1365 3487 1612 3572 precedentibus
1627 3493 1698 3577 plc-¹

543 3581 617 3646 nius
641 3581 835 3663 continetur,
857 3585 934 3649 lecit
959 3587 1121 3651 Dominus
1148 3589 1219 3654 Rex
1247 3589 1320 3654 loco
1350 3589 1486 3654 Maioris
1516 3591 1696 3660 Custodem

546 3683 725 3749 Henricum
741 3683 782 3750 de
797 3683 936 3770 Frowyk
949 3686 984 3748 in
1000 3688 1084 3753 festo
1100 3689 1211 3754 Sancti
1227 3689 1373 3754 Martini.

1160 2173 1415 2331 }vicecomioes.

588 3783 683 3848 Circa
697 3783 784 3848 idem
799 3793 929 3869 tempus
944 3799 1105 3852 venerunt
1123 3810 1270 3854 rumores
1292 3789 1484 3870 Londoniis,
1501 3793 1589 3876 quod
1604 3794 1697 3862 Prior

543 3886 688 3952 Ecclesie
704 3886 821 3952 Sancte
843 3885 1010 3951 Trinitatis
1027 3889 1066 3954 de
1083 3890 1268 3969 Cantuaria,
1283 3891 1405 3956 electus
1420 3891 1454 3956 in
1469 3895 1696 3984 Archiepisco-

541 4012 631 4075 pum,
655 3988 857 4075 quimorem
883 3990 1003 4056 fecerat
1023 4013 1082 4077 per
1105 3991 1236 4078 aliquod
1270 4002 1400 4078 tempus
1424 3999 1510 4082 apud
1544 4001 1694 4084 Romam,

541 4093 647 4158 sciens
662 4102 697 4157 et
710 4090 895 4179 intelligens
910 4115 945 4158 se
961 4095 1092 4176 cassari,
1107 4116 1146 4160 eo
1162 4095 1250 4182 quod
1265 4095 1429 4186 Dominus
1451 4099 1539 4188 Papa
1564 4102 1598 4168 in
1622 4127 1696 4172 exa‘
1804 4107 1807 4112 ’
