3930 5088
589 555 651 614 104
945 572 1106 618 cnosson
1131 573 1308 618 unronusr
1334 574 1379 618 sn

365 725 416 772 11oe
425 743 543 789 canope
586 720 716 806 capiant
741 723 829 808 apud
855 723 1053 790 Londonias.
1113 723 1345 792 concessimus
1370 723 1469 789 etiam
1495 723 1618 790 eisdem
1645 728 1743 810 qnod

364 798 561 904 &mm
585 823 721 908 singulis
737 825 926 910 septimanis
941 835 1091 892 teneatur
1116 827 1313 912 hustengum
1330 826 1429 892 semel
1444 826 1478 891 in
1493 825 1687 907 ebdomada,
1703 841 1744 894 et

359 927 454 1046 zm
466 939 572 1047 ⁹333:ss
584 923 647 989 hoc
671 929 898 994 tantummodo
927 951 1110 1014 perunum
1123 929 1221 1005 diem,
1247 929 1293 992 ita
1316 940 1436 1008 tamen,
1450 939 1489 993 ut
1513 950 1575 1014 que
1599 929 1655 994 illo
1682 931 1742 998 die

362 1021 510 1097 armam
584 1027 756 1098 terminare
791 1053 856 1096 non
929 1041 1024 1096 terun
1076 1032 1308 1096 continuentur
1336 1031 1370 1096 in
1400 1030 1578 1096 crastinum
1604 1041 1639 1096 et
1663 1055 1738 1098 non

361 1115 449 1239 230⁶*
448 1117 488 1227 dg
488 1069 572 1228 ²21:
584 1129 679 1196 ultra.
724 1131 770 1196 Et
784 1053 928 1218 quodllll
943 1041 1121 1198 terrist’suis
1145 1144 1180 1198 et
1199 1133 1323 1198 tenuris
1338 1133 1421 1198 infra
1437 1132 1611 1198 Civitatem
1626 1133 1738 1218 ipsam

361 1214 497 1320 wastinam
508 1217 708 1321 maq’rectum
723 1235 769 1300 eis
794 1245 943 1302 teneatur
965 1236 1145 1302 secundum
1170 1235 1440 1300 consuetudinem
1465 1233 1616 1298 Civitatis
1645 1235 1737 1318 ejus-

361 1323 458 1430 ma*
461 1319 571 1421 ',‘„⁰,',‘¹“¹'
584 1337 659 1402 dem
671 1363 680 1416 ς
702 1337 759 1418 ita,
769 1349 890 1420 tamen,
904 1340 993 1426 quod
1008 1349 1076 1404 tam
1091 1339 1243 1404 forinseci
1258 1360 1355 1424 quam
1370 1339 1424 1404 ulii
1433 1347 1614 1402 attornstos
1628 1338 1736 1404 facere

360 1440 521 1488 “fuitmu-
627 1439 694 1504 ssin
746 1451 813 1506 tarn
882 1442 966 1508 endo
1019 1463 1092 1506 uam
1122 1441 1326 1506 defendendo
1364 1441 1449 1507 sicut
1470 1439 1547 1504 alibi
1571 1439 1606 1502 in
1643 1441 1733 1505 curia

359 1527 559 1640 fflfflffl
582 1451 721 1607 ἕζεαι,
748 1544 795 1610 Et
819 1465 907 1630 ngod
929 1464 1269 1610 nonqoccssionantur
1293 1487 1427 1630 pdopter
1452 1542 1680 1628 miskenninga
1694 1544 1730 1608 in

359 1659 521 1731 perunna
583 1647 650 1712 suis
673 1648 821 1734 loquelis,
835 1649 996 1728 videlicet,
1010 1649 1039 1714 si
1065 1648 1148 1714 bene
1173 1670 1240 1713 non
1264 1649 1398 1714 omnino
1423 1647 1633 1712 narraverint
1687 1647 1734 1712 Et

359 1739 434 1832 m}
445 1724 570 1848 mis,
582 1749 623 1815 de
638 1752 790 1818 omnibus
806 1753 924 1819 debitis
950 1752 1030 1832 suis,
1044 1773 1106 1837 que
1131 1753 1375 1818 accommodata
1400 1750 1521 1816 fuerint
1540 1750 1627 1835 apud
1641 1750 1733 1814 Lon-

358 1859 378 1898 ⁶²
389 1852 550 1938 ‘temnitur
582 1850 706 1934 donias,
722 1855 811 1920 etde
826 1854 1028 1920 vademoniia
1043 1853 1106 1919 sibi
1120 1852 1241 1920 ibidem
1256 1853 1362 1932 lactis,
1375 1852 1493 1938 placita
1504 1850 1626 1915 ibidem
1641 1861 1735 1916 tene-

359 1917 560 2041 gda'lal'sllillw
582 1965 679 2020 antm
693 1957 874 2022 secundum
888 1956 1158 2022 consuetudinem
1170 1955 1293 2039 justam
1305 1966 1339 2020 et
1354 1963 1554 2020 consuetam.
1593 1953 1735 2038 Insuper

360 2053 569 2172 &mmm
584 2055 683 2119 etiam
706 2056 749 2119 ad
775 2055 1035 2120 emendationem
1052 2054 1202 2122 Civitatis
1227 2058 1384 2143 predicte,
1411 2055 1619 2122 concedimus
1643 2057 1734 2141 quod

357 2175 571 2236 nycaenam
584 2177 697 2222 omnes
713 2157 780 2223 sint
795 2157 897 2243 quieti
912 2157 953 2223 de
969 2157 1172 2245 Childewyta
1186 2170 1220 2225 et
1234 2161 1275 2226 de
1284 2161 1472 2246 Yeresgyve
1486 2168 1520 2224 et
1534 2158 1576 2222 de
1593 2157 1735 2238 Scotale,

359 2241 538 2360 mamm
583 2258 630 2324 ita
652 2260 740 2345 quod
766 2259 982 2326 vicecomites
1011 2261 1116 2326 nostri
1145 2261 1404 2343 Londoniarum,
1430 2261 1481 2327 vel
1510 2261 1626 2346 aliquis
1650 2262 1733 2326 alius

360 2369 517 2416 tantammodo
532 2370 569 2418 de
583 2360 731 2440 ballivus,
747 2363 867 2428 scutale
883 2383 949 2426 non
972 2361 1101 2428 faciant.
1149 2364 1196 2430 Et
1221 2364 1308 2450 quod
1334 2365 1412 2432 dicti
1428 2364 1526 2430 Cives
1541 2375 1641 2430 terras
1656 2387 1733 2430 suas

353 2433 482 2492 snm
583 2476 616 2532 et
639 2475 770 2530 tenuras
795 2465 848 2530 vel
872 2463 1055 2528 vadimonia
1077 2465 1167 2550 juste
1192 2465 1335 2533 habeant
1358 2477 1392 2533 et
1416 2477 1559 2547 teneant,
1574 2479 1608 2531 et
1634 2468 1731 2534 etiam

583 2566 693 2632 debita
718 2590 787 2648 sua,
802 2568 986 2654 quicunque
1012 2588 1050 2632 ea
1073 2567 1223 2633 debeant.
1268 2569 1315 2635 Et
1337 2569 1426 2654 quod
1440 2570 1548 2634 nullus
1562 2581 1731 2650 mercator,

582 2672 635 2738 vel
649 2671 742 2754 alius,
757 2671 888 2738 obviam
909 2680 964 2736 eat
990 2672 1224 2738 mercatoribus
1240 2671 1460 2752 venientibus,
1475 2694 1533 2757 per
1546 2683 1665 2738 terram
1679 2674 1732 2740 vel

581 2797 640 2862 per
655 2799 782 2862 aquam,
796 2798 873 2842 cum
896 2775 1106 2841 mercandisis
1131 2776 1201 2842 suis
1225 2787 1259 2842 et
1274 2774 1467 2842 victualibus
1481 2797 1594 2842 versus
1610 2776 1732 2841 Civita-

582 2889 649 2944 tem
664 2879 752 2946 illam
767 2880 808 2944 sd
823 2879 998 2946 emendum
1011 2879 1064 2945 vel
1085 2880 1339 2959 revendendum,
1354 2901 1523 2965 quousque
1547 2880 1589 2944 ad
1612 2878 1732 2946 dictam

584 2982 756 3050 Civitatem
777 2984 937 3063 venerint,
963 2991 997 3048 et
1013 2983 1223 3050 mercimonia
1241 3007 1300 3052 sua
1324 2984 1458 3052 'ibidem
1474 2983 1652 3050 venditioni
1675 3004 1732 3047 ex-

582 3089 753 3174 posuerint
763 3107 860 3170 super
871 3085 1107 3150 forisfacturam
1117 3085 1163 3150 rei
1178 3097 1332 3172 emptast
1345 3108 1464 3172 penam
1479 3086 1652 3164 carceris,a
1666 3105 1731 3170 quo

584 3189 654 3255 sine
678 3187 768 3276 gravi
794 3186 1005 3272 castigatione
1030 3207 1098 3250 non
1123 3188 1249 3254 evadat.
1294 3186 1340 3252 Et
1363 3189 1452 3274 quod
1465 3189 1575 3252 nullus
1590 3196 1733 3272 exponat

583 3288 793 3356 mercimonia
807 3309 866 3352 sua
879 3285 1071 3367 venditioni,
1092 3311 1155 3374 que
1180 3299 1364 3356 custumam
1385 3289 1535 3369 debeant,
1563 3310 1731 3374 quousque

584 3395 693 3461 debita
718 3403 868 3460 custuma
892 3393 1028 3474 lavetur,
1043 3391 1105 3457 sub
1120 3392 1325 3460 fonsiactura
1350 3393 1453 3458 totius
1476 3393 1585 3472 averli,
1601 3393 1640 3456 de
1664 3413 1730 3476 quo

584 3519 678 3564 secus
703 3497 773 3563 fieri
797 3497 973 3582 continget
1018 3495 1064 3562 Et
1078 3496 1166 3581 quod
1185 3495 1294 3561 nullus
1311 3506 1478 3575 mercator,
1493 3507 1664 3560 amaneus
1680 3493 1731 3558 vel

583 3599 676 3680 alius,
691 3608 778 3664 emat
791 3598 843 3663 vel
857 3597 977 3662 vendat
1002 3597 1123 3683 aliquid
1147 3595 1303 3677 averium,
1319 3598 1406 3683 quod
1428 3598 1600 3684 ponderari
1615 3596 1731 3662 debeat

583 3701 636 3768 vel
650 3701 782 3780 tronari,
797 3699 860 3766 nisi
883 3721 941 3785 per
965 3709 1119 3764 stateram
1145 3698 1198 3762 vel
1224 3710 1352 3764 trunam
1378 3711 1534 3780 nostram,
1550 3698 1612 3764 sub
1638 3698 1731 3764 loris·

584 3806 708 3871 lactura
730 3802 828 3870 averii
842 3803 989 3888 predicti.
1034 3801 1155 3867 Debita
1168 3801 1314 3886 insuper,
1340 3823 1402 3886 que
1428 3823 1469 3869 ex
1490 3802 1558 3867 suis
1585 3810 1730 3868 conmac-

584 3906 674 3973 tibus
688 3906 742 3973 vel
756 3906 878 3972 mutuis
901 3905 948 3970 eis
972 3903 1187 3984 debebuntur,
1202 3903 1244 3967 sd
1259 3925 1371 3970 eorum
1388 3905 1593 3972 securitatem
1607 3905 1642 3968 in
1656 3925 1733 3968 nos-

585 4021 637 4078 tro
653 4012 793 4078 scacario
808 4011 849 4075 ad
871 4007 1124 4096 recognitionem
1150 4028 1273 4086 eorum,
1289 4008 1344 4094 qui
1368 4008 1432 4074 sibi
1455 4008 1490 4074 in
1505 4008 1600 4074 dictis
1616 4006 1733 4071 debitis

584 4115 797 4195 tenebuntur,
812 4113 931 4181 iaciant
951 4109 1124 4192 irrotulari,
1138 4111 1184 4176 ita
1203 4123 1313 4176 tamen
1343 4112 1431 4197 quod
1445 4111 1570 4178 nullum
1586 4109 1732 4176 debitum
