3920 5022
578 643 834 688 vrcacourruu
860 642 1149 686 couoosrasou.
1391 627 1435 701 27

281 791 380 874 Sane,
396 803 433 860 ut
446 794 541 881 plena
557 793 703 860 omnium
718 805 903 859 nostrorum
914 792 1055 858 letorum
1065 803 1252 872 eventuum,
1262 794 1318 879 qui
1330 794 1436 878 nobis,

284 907 459 983 postquam
474 921 494 961 e
508 895 602 962 vobis
617 897 821 974 recessimus,
832 896 1028 975 acciderunt,
1040 905 1074 961 et
1093 905 1180 961 certa
1195 895 1304 960 advos
1319 898 1437 962 notitia

282 1003 471 1086 perferatur,
486 1011 671 1086 presentem
686 1000 838 1084 peginam
860 999 1079 1084 predictorum
1104 1009 1282 1064 eventuum
1296 999 1436 1065 ostensi·

282 1124 367 1180 vam,
382 1103 423 1166 ed
447 1124 506 1167 vos
530 1102 682 1166 duximus
707 1100 943 1166 destinandam.
987 1100 1091 1166 Vobis
1115 1101 1156 1165 ad
1181 1101 1336 1186 gaudium
1359 1103 1436 1167 inti·

282 1215 420 1285 mantes,
432 1204 520 1291 quod
534 1205 569 1268 in
584 1204 636 1269 die
647 1203 821 1268 Dominice
835 1203 985 1287 proximo
999 1214 1077 1289 post
1091 1204 1211 1268 festum
1226 1203 1313 1268 besti
1329 1205 1435 1270 Marci

282 1308 491 1394 Evangeliste
515 1308 602 1393 apud
626 1307 803 1373 Jernemue
826 1328 942 1370 narem
966 1328 1041 1372 cum
1073 1316 1184 1371 nostre
1208 1307 1433 1372 conscenderi-

281 1432 354 1475 mus
381 1411 544 1475 comitiva.
589 1410 652 1474 Die
676 1408 794 1474 Martis
817 1409 967 1493 proximo
987 1407 1210 1496 subsequenti,
1224 1409 1258 1473 in
1274 1411 1326 1474 die
1341 1411 1433 1474 ride-

278 1513 356 1578 licet
377 1514 547 1579 beatorum
572 1513 803 1596 Apostolorum
829 1511 971 1597 Philippi
986 1520 1021 1577 et
1042 1512 1169 1591 Jacobi,
1184 1512 1281 1577 salvis
1298 1535 1355 1597 per
1369 1513 1433 1578 Dei

264 1675 270 1687 ,
278 1615 413 1700 gretiam
429 1612 581 1679 omnibus
593 1624 627 1678 et
641 1613 761 1677 nostris
776 1622 810 1677 et
824 1614 926 1678 totius
941 1623 1052 1679 nostre
1067 1615 1187 1680 familie
1212 1636 1249 1678 ec
1264 1615 1361 1679 etiam
1377 1637 1431 1680 co-

280 1718 392 1781 mitive
403 1717 551 1803 personis
575 1726 609 1781 et
631 1715 739 1794 rebus,
754 1716 904 1780 venimus
930 1738 1034 1802 usque
1058 1716 1252 1803 Durdreych
1266 1717 1301 1781 in
1322 1718 1431 1802 opido,

278 1820 439 1898 videlicet,
460 1819 495 1883 in
519 1818 626 1884 medio
653 1819 838 1884 Comitatus
865 1820 1052 1905 Hoylandie
1074 1820 1265 1898 constituto,
1290 1820 1432 1907 indeque

279 1943 369 1986 more
392 1921 513 1986 ibidem
539 1920 580 1984 ad
608 1922 838 2006 tapescendem
872 1921 1016 2008 requiem
1038 1930 1114 2006 post
1138 1921 1264 1987 labores
1290 1921 1432 1988 biduana

279 2033 454 2101 contracta,
469 2023 566 2088 tertio
590 2023 642 2088 die
658 2024 861 2104 recessimus,
877 2032 911 2088 et
934 2023 1086 2088 continue
1106 2046 1165 2109 per
1192 2024 1377 2110 Hoylandie
1398 2036 1432 2090 et

279 2126 388 2192 Gelrie
416 2126 600 2192 Comitatus
619 2127 793 2191 transitum
809 2127 976 2206 facientes,
991 2127 1123 2192 tandem
1135 2127 1187 2192 die
1202 2125 1340 2192 Veneris
1355 2137 1430 2193 ante

276 2231 397 2295 festum
423 2229 634 2294 Ascensionis
660 2229 843 2310 Dominiee,
867 2231 1076 2316 pervenimus
1099 2229 1350 2316 Aquisgranum,
1376 2251 1430 2296 oc-

276 2334 479 2400 currentibus
491 2332 587 2398 nobis
598 2335 633 2397 in
643 2333 729 2398 dicte
740 2333 880 2398 civitatis
891 2332 1039 2413 introitu,
1049 2333 1237 2398 hominibus
1253 2332 1429 2398 maioribus

275 2446 309 2502 et
335 2437 533 2516 melioribus,
548 2436 671 2502 clericis
686 2436 838 2502 videlicet
854 2447 889 2501 et
910 2435 1010 2516 laicis,
1025 2436 1201 2516 nobilibus,
1216 2436 1373 2501 militibus
1396 2447 1430 2501 et

273 2540 343 2604 eliis
373 2537 525 2603 omnibus
551 2538 676 2603 civibus
705 2538 856 2604 Civitatis
881 2540 1037 2624 ejusdem,
1057 2539 1114 2624 qui
1139 2561 1200 2604 nos
1215 2539 1429 2624 magnifioeet

272 2644 449 2709 honorifice
465 2665 539 2707 cum
559 2643 702 2707 maximo
718 2642 861 2728 tripudio
888 2652 922 2707 et
943 2642 1079 2727 jubileo,
1093 2643 1149 2706 leti
1164 2654 1198 2706 et
1212 2643 1341 2718 hilares,
1357 2642 1427 2708 sine

271 2746 447 2832 cujuslibet
469 2747 667 2810 difficultatis
688 2745 867 2820 obstaculo,
895 2755 1117 2829 susceperunt.
1162 2746 1233 2810 Nec
1255 2745 1427 2825 credimus,

272 2849 545 2936 quemadmodum
560 2847 701 2932 vulgaris
715 2846 748 2908 in
771 2847 834 2910 ista
844 2855 929 2909 terra
943 2855 978 2909 et
992 2846 1174 2910 communis
1186 2848 1271 2911 lame
1291 2856 1428 2911 testatur

271 2953 471 3038 preconium,
486 2948 575 3034 quod
590 2972 609 3013 a
624 2948 773 3012 ducentis
788 2948 881 3011 annis
897 2949 987 3026 citra,
1002 2946 1163 3031 aliquibus
1186 2949 1426 3032 Imperatorum

272 3055 493 3119 Romanorum
509 3051 560 3116 vel
583 3052 708 3136 Regum
724 3050 757 3114 in
774 3071 831 3114 sue
846 3051 1000 3115 novitatis
1015 3049 1186 3136 principio,
1201 3049 1320 3115 dictam
1337 3050 1426 3116 Civi-

270 3166 372 3221 tatem
397 3158 595 3242 Aquensem,
622 3153 692 3218 sine
715 3152 822 3239 grevis
846 3153 1036 3218 offensionis
1068 3176 1127 3218 seu
1157 3153 1423 3221 contradictionis

271 3257 374 3335 obice,
390 3257 433 3322 sit
456 3257 632 3340 ingressus.
677 3254 826 3340 Cumque
851 3267 929 3339 post
953 3255 1136 3340 ingressum
1160 3254 1245 3319 dicte
1261 3253 1422 3337 Civitatis,

268 3381 393 3424 moram
407 3359 442 3423 in
458 3359 531 3443 ipsa
545 3365 710 3443 oporteret
727 3379 788 3421 nos
806 3357 932 3422 trahere
946 3357 1135 3443 longiorem,
1146 3357 1241 3422 ecce!
1265 3379 1422 3439 rumores,

268 3463 373 3528 nostri
398 3461 539 3528 affectati
565 3459 744 3540 desideriis,
767 3471 986 3540 occurrerunt,
1008 3461 1104 3526 nobis
1126 3461 1282 3526 hillariter
1307 3463 1421 3527 nunci-

267 3575 360 3631 antes
376 3563 668 3649 Archiepiscopum
688 3563 931 3642 Trererensem,
946 3563 1050 3628 nostri
1075 3561 1225 3628 culminis
1242 3563 1422 3646 inimicum,

270 3669 351 3754 (qui,
365 3669 399 3733 in
411 3668 515 3732 nostri
530 3665 672 3730 nominis
683 3675 716 3730 et
726 3664 860 3730 honoris
873 3664 1091 3751 dispendium,
1106 3675 1255 3732 nostrum
1268 3666 1421 3732 Castrum

267 3784 301 3838 et
316 3773 487 3837 Pallatium
503 3769 746 3855 Bopardiensia,
759 3790 834 3832 cum
849 3768 989 3833 maxima
1003 3769 1211 3835 multitudine
1223 3781 1420 3836 armatorum

266 3875 451 3954 vallaverat,
462 3886 497 3940 et
511 3874 552 3938 ad
567 3872 839 3958 expugnationem
854 3871 969 3956 ipsius,
981 3871 1100 3936 multas
1116 3871 1280 3936 machinas
1295 3871 1420 3935 instau-

265 3979 374 4058 raret)
386 3975 589 4041 evenerabili
600 3975 856 4060 Archiepiscopo
872 3974 1129 4060 Magontinensi,
1139 3973 1257 4038 dilecto
1272 3973 1419 4060 principe

265 4087 390 4156 nostro,
410 4079 582 4144 assistente
598 4078 659 4143 sibi
674 4078 715 4141 de
729 4078 850 4142 nostris
872 4076 1023 4141 fidelibus
1044 4098 1161 4161 magna
1183 4075 1277 4161 copie
1295 4095 1419 4162 pugne-

266 4191 376 4246 torum
397 4181 441 4247 ob
460 4182 564 4246 nostri
587 4179 728 4245 nominis
743 4179 967 4258 reverentiam,
982 4177 1023 4241 ad
1038 4177 1116 4242 dicti
1133 4176 1241 4241 Castri
1254 4176 1418 4243 liberatio-
