3898 5022
455 453 539 516 clxiv
979 467 1157 514 euersos.

458 623 660 700 Strumpsbsw,
683 621 756 678 oller
779 621 827 680 the
850 621 963 680 &cure
981 621 1015 678 ol
1043 621 1090 681 Sir
1113 621 1240 680 Willism
1264 620 1389 688 Bnrdoli',
1420 620 1530 697 knigbt,
1553 631 1583 679 to
1608 622 1655 682 Sir

457 721 583 777 Willinm
606 717 725 778 Clifford
737 717 794 774 eud
819 717 865 776 Sir
879 718 1006 776 Willism
1026 717 1152 796 Phelipp,
1174 720 1231 776 und
1252 727 1283 776 to
1306 719 1390 776 Anne
1413 718 1469 776 md
1482 717 1557 778 Josu
1581 719 1655 776 tbcir

455 820 547 883 wives,
560 818 607 874 for
627 815 676 873 tbe
697 825 767 872 term
781 816 814 872 ol
831 815 905 872 their
927 815 1005 882 lives,
1019 816 1075 873 end
1094 815 1143 874 the
1162 816 1212 874 lire
1225 817 1259 874 of
1274 816 1324 874 the
1344 817 1481 884 servium,
1494 817 1551 874 end
1563 826 1594 874 to
1607 817 1657 876 tbe

455 915 532 972 beirs
546 915 579 972 of
589 913 664 972 their
675 913 781 978 bodies,
794 913 850 971 sud
863 914 893 969 iu
907 912 1014 970 defeult
1035 914 1069 971 os
1085 915 1156 971 such
1182 915 1255 971 issue
1276 915 1310 972 oi
1325 914 1416 972 either
1438 914 1472 972 οἰ
1489 915 1567 972 these
1580 935 1656 972 mer-

456 1013 557 1086 tinges,
572 1012 620 1069 the
635 1011 776 1068 reversim
790 1009 823 1066 oi
840 1011 914 1068 their
933 1011 1038 1089 moiety
1051 1019 1082 1067 to
1095 1010 1212 1067 devolve
1225 1019 1256 1068 to
1272 1011 1321 1068 tbe
1336 1010 1415 1086 Κίος
1427 1011 1482 1068 end
1503 1010 1547 1069 bis
1561 1011 1656 1079 beirs;

457 1106 526 1164 such
540 1109 681 1164 reversion
695 1108 857 1182 contingent
870 1125 945 1182 upon
960 1105 1008 1162 the
1022 1106 1136 1163 deoecse
1150 1106 1184 1163 os
1194 1105 1242 1162 the
1256 1105 1315 1162 scid
1330 1109 1424 1172 Anne,
1439 1107 1557 1164 without
1569 1108 1656 1174 issue,

456 1222 513 1260 was
536 1204 629 1279 given,
641 1205 679 1280 by
694 1222 792 1261 reason
814 1203 849 1260 oi
865 1202 909 1259 bis
931 1201 1006 1278 good
1026 1202 1083 1259 end
1106 1203 1263 1277 grnuitous
1285 1203 1443 1269 service,to
1469 1202 1515 1260 Sir
1530 1205 1655 1262 willico

458 1299 585 1374 Pbelipp,
600 1298 678 1356 Lord
694 1297 819 1364 Bardou,
833 1297 889 1354 and
902 1297 977 1357 «locu
1000 1295 1046 1354 bis
1066 1297 1138 1358 wife.
1152 1296 1207 1354 end
1221 1296 1269 1354 the
1282 1297 1357 1354 beirs
1370 1297 1404 1354 oi
1420 1297 1493 1354 their
1505 1297 1610 1364 bodies,
1624 1301 1659 1358 of

455 1395 504 1452 the
529 1394 630 1470 King's
654 1394 756 1470 special
776 1413 869 1470 grece.
912 1394 1006 1470 Agnin
1020 1394 1059 1472 by
1072 1393 1153 1450 other
1167 1393 1280 1451 Letters
1296 1394 1405 1460 Patent,
1419 1395 1534 1471 bearing
1547 1395 1612 1454 dntc
1625 1407 1656 1454 ct

456 1492 662 1558 Westminster,
676 1511 714 1548 on
728 1491 776 1548 the
798 1490 868 1546 luth
880 1490 935 1568 day
950 1491 983 1547 oi
1001 1489 1104 1547 March
1127 1490 1280 1567 following,
1294 1489 1384 1548 which
1399 1491 1541 1550 contains
1559 1493 1657 1574 recitnl

457 1597 477 1624 ‘⁴
489 1588 618 1652 Qualiter
631 1588 705 1645 idem
718 1607 788 1644 evus
813 1597 907 1645 noster
928 1588 1036 1645 decimo
1050 1588 1094 1645 die
1110 1589 1234 1662 Augusti
1257 1607 1331 1646 anuo
1345 1589 1426 1663 regui
1440 1589 1482 1646 sui
1496 1599 1583 1657 sexto,
1596 1609 1655 1648 me·

454 1685 535 1742 neris
547 1684 582 1741 dc
596 1683 727 1743 Sbellord
737 1692 766 1741 et
781 1683 982 1743 Stolebnrdoli
991 1684 1020 1740 in
1034 1685 1168 1741 comitutu
1184 1682 1397 1759 Nottinghsmie
1416 1693 1445 1742 et
1454 1685 1607 1742 manerium
1621 1687 1656 1746 de

457 1779 654 1856 Halioughton
672 1781 700 1837 iu
716 1781 850 1838 comitutu
864 1779 1014 1838 leicestrie
1025 1799 1073 1855 per
1086 1779 1193 1837 litteras
1208 1797 1272 1836 suss
1281 1789 1406 1855 putentes
1420 1783 1556 1839 concessit
1569 1785 1656 1840 euris-

455 1877 524 1936 sime
546 1879 668 1935 consorti
691 1897 741 1936 sue
761 1877 892 1936 Jobnnne
906 1877 1001 1952 regine
1023 1876 1128 1952 Anglie
1149 1895 1199 1952 per
1222 1895 1322 1934 nomen
1346 1878 1470 1934 omnium
1490 1889 1656 1946 castrorum,

454 1976 649 2040 maneriorum,
677 1975 871 2042 dominiorum,
892 1974 1031 2040 villamur,
1058 1983 1206 2038 terrenum,
1238 1983 1456 2031 tenemeutcrum
1483 1983 1512 2032 et
1538 1975 1655 2034 clinnum

454 2074 660 2149 possessionum
683 2090 747 2130 cum
772 2071 1030 2147 pertinentiisque
1053 2071 1167 2127 fuerunt
1191 2069 1308 2146 predicti
1335 2069 1441 2128 domiui
1468 2071 1503 2128 de
1529 2071 1656 2142 Barduli,

455 2169 584 2226 habende
606 2170 695 2226 eidem
717 2169 839 2226 consorti
863 2187 911 2225 sue
935 2186 987 2245 pro
1000 2168 1119 2224 termino
1133 2168 1188 2224 vite
1202 2186 1251 2224 sue
1266 2177 1439 2242 percutentes
1452 2167 1659 2230 indeiscicnde.

454 2267 483 2327 in
498 2277 604 2344 purtem
622 2266 799 2324 deduccionis
816 2264 911 2322 decem
927 2265 1048 2322 millium
1069 2283 1225 2322 marcorum
1245 2283 1400 2322 annuerim
1423 2265 1513 2322 eidem
1533 2269 1655 2324 consorti

454 2385 503 2426 suc
526 2366 556 2423 in
577 2374 684 2441 portem
705 2363 778 2422 dotis
803 2383 852 2421 sue
875 2381 963 2439 nuper
981 2381 1184 2428 concessarum,
1206 2361 1329 2437 prefatus
1342 2380 1411 2418 evus
1435 2371 1529 2420 noster
1541 2381 1575 2419 ex
1589 2383 1655 2420 cou-

455 2463 574 2520 scienciu
586 2471 615 2520 et
629 2463 730 2537 pietate
743 2469 836 2518 motus
849 2459 885 2518 ed
905 2460 954 2537 jus
974 2469 1003 2516 et
1023 2459 1137 2516 ticulum
1150 2457 1275 2535 predicto
1287 2458 1536 2516 considerationem
1549 2459 1658 2518 babens

455 2559 491 2616 de
504 2567 581 2616 certe
603 2559 718 2614 scientio
731 2565 759 2614 et
779 2575 856 2613 mero
869 2563 948 2613 motu
962 2573 1014 2612 suo
1027 2554 1194 2612 concesserit
1207 2553 1243 2610 sd
1257 2573 1368 2610 sursum
1382 2553 1552 2612 reddendum
1565 2563 1596 2612 et
1608 2555 1655 2613 de-

456 2655 629 2713 liberandum
644 2654 758 2730 prefatis
773 2652 917 2711 Willelmo
930 2661 960 2708 et
974 2654 1059 2710 Anne
1073 2661 1101 2708 et
1115 2650 1259 2708 Willelmo
1272 2659 1301 2708 et
1319 2648 1448 2708 Joboune
1469 2653 1654 2710 reversionem

455 2751 642 2829 predictorum
655 2751 842 2810 moneriomm
856 2768 920 2806 cum
933 2747 1115 2825 pertinentiis,
1130 2765 1186 2804 unu
1200 2765 1263 2802 cum
1272 2745 1362 2802 feodis
1376 2745 1504 2813 militum,
1518 2751 1578 2814 dic„
1593 2757 1657 2824 post

455 2857 573 2906 mortem
597 2849 734 2906 consortis
757 2847 848 2915 sue;”
869 2846 926 2903 end
948 2845 1008 2902 nlso
1033 2843 1080 2900 tbe
1103 2840 1247 2916 following
1268 2848 1361 2916 grant,
1391 2840 1458 2897 “Et
1480 2841 1597 2901 ulterius
1621 2844 1658 2902 de

455 2947 576 3004 uberiori
599 2947 691 3022 grstia
713 2955 810 3003 nostro
833 2952 863 3000 et
886 2961 937 3019 pro
957 2943 1032 2999 bono
1045 2949 1074 2997 et
1088 2939 1212 3016 gratuito
1227 2938 1344 2995 servicio
1359 2938 1438 2995 nobis
1452 2957 1502 3014 per
1515 2940 1656 3015 prelatum

457 3041 630 3099 willelmum
646 3043 773 3116 Pbelipp,
787 3057 863 3096 nunc
877 3039 1019 3094 dominum
1033 3035 1068 3092 de
1084 3033 1209 3101 Barduli,
1223 3032 1412 3109 multipliciter
1425 3032 1550 3109 impenso
1562 3044 1591 3092 et
1604 3037 1660 3103 ime

457 3135 602 3211 pendendo
625 3136 812 3192 concessimus
826 3133 943 3208 prefatis
955 3129 1099 3187 Willelmo
1114 3128 1233 3204 Phelipp
1246 3137 1276 3185 et
1288 3126 1419 3186 Johsnne
1433 3129 1509 3205 quod
1521 3133 1656 3190 medietas

457 3229 582 3285 omnium
601 3229 790 3285 maneriorum
809 3225 996 3303 predictorum
1010 3243 1074 3281 cum
1094 3225 1152 3282 suis
1174 3224 1355 3300 pertinentiis,
1370 3243 1424 3300 que
1444 3225 1545 3300 prefati
1560 3229 1654 3298 Anus,

458 3323 617 3381 Willelmus
628 3323 746 3400 Phelipp
759 3332 788 3380 et
811 3321 943 3382 Jobunus
957 3321 995 3378 sic
1009 3328 1105 3378 tenent
1118 3322 1147 3378 in
1160 3322 1251 3379 formu
1265 3321 1397 3397 predicto,
1412 3331 1440 3379 et
1454 3341 1508 3397 que
1522 3324 1656 3382 medietas

458 3429 521 3498 post
535 3429 651 3477 mortem
665 3420 850 3497 predictorum
874 3419 968 3484 Anne,
983 3418 1119 3476 Willelmi
1142 3417 1260 3494 Phelipp
1279 3427 1308 3476 et
1327 3418 1466 3487 Jobuune,
1482 3439 1546 3478 cum
1567 3422 1655 3496 ipsum

459 3519 574 3575 Annam
596 3517 654 3574 sine
677 3516 779 3574 herede
798 3517 833 3574 de
855 3535 970 3592 corpore
991 3536 1042 3573 suo
1062 3524 1206 3592 procreato
1227 3516 1304 3572 obire
1323 3517 1474 3592 continget,
1497 3517 1533 3576 ad
1554 3537 1606 3576 nos
1629 3527 1657 3575 et

456 3614 571 3671 heredes
591 3623 702 3672 nostros
723 3614 823 3672 reverti
843 3614 968 3680 debebat,
982 3633 1015 3675 eo
1028 3613 1103 3690 quod
1125 3611 1263 3687 predictus
1276 3612 1435 3672 Willelmus
1450 3613 1569 3674 Clifford
1582 3633 1658 3680 mor·⁴

456 3721 522 3768 tuus
543 3721 593 3779 est,
615 3713 729 3789 prefatis
750 3710 894 3769 Willelmo
916 3711 1033 3786 Phelipp
1060 3717 1088 3767 et
1112 3709 1242 3768 Johaune
1266 3719 1415 3778 remaneat,
1439 3709 1607 3768 Habendum
1627 3720 1656 3770 ct

456 3808 604 3868 oenendum
626 3810 805 3867 medietatem
827 3807 903 3864 illam
926 3825 989 3886 cum
1010 3805 1186 3881 pertinenciis
1200 3825 1256 3862 unu
1270 3825 1333 3862 cum
1347 3807 1437 3863 feodis
1450 3806 1579 3875 militum,
1596 3809 1654 3876 sc,

454 3903 559 3964 eisdem
572 3904 716 3963 Willelmo
731 3903 847 3980 Phelipp
869 3911 897 3960 et
910 3901 1040 3960 Johuuue
1054 3911 1082 3958 et
1103 3900 1252 3958 heredibus
1272 3901 1306 3958 de
1320 3901 1482 3976 corporibus
1495 3903 1655 3960 eorumdem

452 4001 629 4070 exeuntibus,
645 4002 678 4060 de
691 4002 771 4059 nobis
785 4009 814 4058 et
827 3999 975 4056 heredibus
990 3997 1092 4056 uostris
1107 4016 1156 4077 per
1171 3997 1286 4055 servicia
1297 3997 1463 4055 indedebits
1474 4005 1504 4053 et
1513 4009 1656 4066 consuete.
