3920 5022
548 557 591 614 32
909 571 1070 616 cnoxrcs
1098 573 1273 616 arsionum
1304 575 1346 616 rr

549 722 696 788 merabili
721 723 845 809 populo
872 724 904 788 in
921 723 1095 802 Gildhalle,
1117 723 1206 788 missi
1227 735 1305 788 sunt
1326 724 1369 789 ibi
1388 725 1531 791 Michael
1551 725 1645 810 Tovy
1669 735 1704 790 et

549 827 655 893 Adam
666 826 706 892 de
722 826 870 914 Basinga
881 827 1026 893 Domino
1039 827 1137 912 Rege,
1147 825 1302 906 dicentes,
1314 829 1400 913 quod
1413 829 1485 892 Rex
1499 830 1572 892 vult
1586 851 1700 894 omnes

549 930 714 996 libertates
729 951 841 996 eorum
866 930 1058 1015 indempnes
1084 951 1294 1011 conservare3
1320 933 1377 998 sed
1392 956 1452 1019 pro
1475 935 1701 999 emendatione

550 1033 701 1098 Civitatis
715 1035 786 1098 vult
796 1043 835 1098 ut
849 1032 1039 1118 inquiratur,
1054 1042 1088 1095 et
1101 1053 1160 1116 per
1171 1048 1418 1116 sacramentum,
1433 1058 1492 1122 per
1505 1059 1588 1123 quos
1601 1036 1701 1102 Com·

550 1161 649 1202 muna
661 1159 719 1202 sua
733 1137 778 1201 ita
791 1147 921 1222 gravata
934 1136 997 1200 fuit
1010 1136 1044 1200 in
1055 1133 1192 1218 tallagiis
1207 1146 1240 1201 et
1254 1138 1324 1202 aliis
1335 1139 1656 1223 transgressionibus,
1668 1149 1702 1203 et

551 1239 639 1325 quod
654 1238 762 1302 nullus
775 1237 871 1302 debet
886 1237 993 1322 puniri
1008 1236 1070 1300 nisi
1086 1236 1141 1321 qui
1153 1237 1333 1325 deliquerit,
1344 1252 1378 1307 et
1393 1242 1455 1308 hoc
1467 1242 1536 1306 siue
1556 1243 1699 1328 dampno

552 1340 746 1406 Commune.
768 1339 892 1404 Eadem
904 1338 1002 1403 verba
1016 1338 1183 1406 lohannes
1195 1343 1348 1409 Maunsel
1359 1354 1394 1410 et
1407 1345 1461 1410 alii
1476 1345 1567 1412 missi
1582 1346 1698 1429 aRege

550 1443 801 1521 affirmaverunt,
815 1451 849 1508 et
862 1441 908 1505 ita
921 1462 980 1526 per
994 1441 1070 1505 talia
1084 1439 1182 1506 verba
1211 1449 1245 1504 et
1266 1440 1372 1504 dulcia
1388 1441 1548 1526 promissa
1571 1441 1700 1527 prebuit

550 1545 692 1632 populus
706 1565 887 1622 assensum,
902 1544 1089 1623 clamantes,
1103 1565 1146 1626 ys
1158 1563 1212 1623 μα,
1227 1542 1267 1607 ad
1282 1544 1504 1628 juramentum
1515 1542 1699 1610 laciendum

549 1659 663 1714 contra
676 1649 841 1714 libertates
857 1669 944 1726 suas,
965 1669 1046 1732 quas
1064 1647 1194 1732 quidem
1211 1646 1273 1731 ipsi
1295 1646 1465 1712 miserrimi
1479 1668 1546 1711 non
1570 1647 1698 1732 perqui-

550 1751 684 1816 sierunt.
730 1750 855 1816 Eodem
871 1749 923 1814 die
939 1747 1047 1813 statim
1064 1749 1171 1814 dictus
1186 1746 1355 1812 Johannes
1370 1749 1457 1833 oepit
1472 1747 1647 1813 Civitatem
1663 1749 1696 1812 in

549 1875 648 1918 manu
662 1852 799 1918 Domini
814 1851 923 1936 Regis,
934 1850 1071 1930 Maiore,
1080 1851 1334 1916 vicecomitibus
1349 1862 1383 1915 et
1398 1851 1582 1916 Camerario
1602 1852 1699 1935 Regis

549 1956 679 2036 amotis,
704 1955 794 2020 nullo
818 1963 926 2020 tamen
950 1952 1080 2018 illorum
1106 1953 1139 2018 in
1166 1953 1273 2038 aliquo
1297 1953 1467 2032 convict03
1504 1964 1538 2017 et
1568 1954 1700 2019 tradidit

548 2058 635 2124 illam
652 2055 900 2124 constabulario
915 2056 1025 2119 Turris
1049 2055 1089 2119 ad
1104 2057 1361 2135 custodiendam,
1383 2065 1417 2120 et
1438 2056 1550 2141 posuit
1570 2056 1604 2121 iu
1626 2055 1698 2120 loco

550 2161 778 2226 vicecomitum
794 2159 990 2226 Michaelem
1004 2159 1098 2245 'l'ovy
1113 2168 1147 2223 et
1161 2159 1346 2225 Johannem
1370 2160 1525 2226 Addrien.
1570 2158 1697 2224 Eodem

549 2266 603 2329 die
621 2265 731 2331 traditi
753 2273 832 2328 sunt
846 2262 933 2328 dicto
958 2262 1103 2328 Johanni
1117 2263 1270 2328 Maunsel
1290 2286 1404 2327 omnes
1423 2263 1521 2328 rotuli
1543 2263 1584 2327 de
1606 2262 1696 2327 talla·

548 2367 609 2452 giis
635 2377 730 2432 antea
752 2367 857 2445 iactis,
886 2387 968 2450 quos
997 2365 1074 2429 iecit
1098 2365 1227 2450 sigillari
1257 2375 1291 2430 et
1319 2367 1486 2433 retradidit
1512 2365 1695 2432 Camerario

549 2471 710 2536 Civitatis.
757 2468 875 2534 Postea
898 2467 933 2532 in
949 2467 1099 2532 Crastino
1116 2469 1363 2550 purificationis,
1389 2470 1492 2536 etsie
1521 2470 1561 2534 de
1587 2468 1639 2533 die
1662 2467 1696 2532 in

548 2573 611 2653 die,
640 2583 800 2638 venerunt
824 2593 932 2636 coram
955 2570 1028 2655 ipso
1051 2570 1203 2641 Johanne
1228 2573 1263 2638 in
1289 2573 1426 2638 Camers
1452 2572 1625 2651 Gildhalle,
1644 2571 1696 2635 vel

548 2699 655 2742 coram
686 2675 935 2742 constabulario
965 2684 999 2740 et
1027 2674 1097 2738 aliia
1126 2674 1173 2740 ibi
1198 2677 1321 2760 aRege
1343 2675 1462 2756 missis,
1487 2675 1527 2740 de
1551 2674 1696 2762 qualibet

548 2779 670 2846 Warda
684 2780 815 2866 triginta
830 2801 887 2844 sex
902 2777 1071 2857 homines;
1094 2778 1140 2842 ita
1154 2778 1241 2863 quod
1262 2778 1309 2844 illi
1324 2779 1456 2864 triginta
1474 2801 1532 2844 sex
1545 2778 1695 2844 homines

545 2882 644 2948 simul
669 2883 918 2969 responderunt,
935 2881 993 2946 sed
1018 2903 1076 2966 per
1100 2903 1135 2946 se
1159 2881 1229 2946 sine
1244 2882 1313 2948 aliis
1328 2882 1370 2947 de
1384 2883 1527 2961 Wardis,
1546 2892 1580 2947 et
1596 2881 1696 2967 jurati

546 2989 586 3052 de
601 2985 754 3072 predictis
769 2984 912 3050 articulis
928 2995 961 3050 et
977 2983 1088 3049 multis
1102 2984 1184 3064 aliis,
1199 2985 1286 3050 unde
1300 2985 1389 3050 affati
1403 2986 1540 3051 fuerant.
1572 2985 1618 3050 Et
1630 2986 1695 3050 hoc

545 3089 673 3154 duravit
686 3109 789 3172 usque
804 3087 845 3152 ad
859 3087 997 3172 primam
1012 3087 1221 3152 Dominicam
1235 3089 1488 3174 quadragesime,
1511 3099 1589 3154 tunc
1611 3099 1694 3154 tem·

545 3191 635 3278 poris
663 3190 699 3254 in
731 3189 815 3254 festo
839 3187 957 3254 Sancte
983 3188 1158 3256 Scolastice
1182 3190 1324 3276 Virginis
1350 3201 1384 3256 et
1409 3191 1607 3270 Austberte3
1638 3192 1694 3270 ita,

547 3292 635 3380 quod
666 3312 723 3377 per
752 3289 923 3356 duodecim
948 3291 1087 3358 Wardas
1116 3295 1201 3360 facta
1229 3294 1291 3360 fuit
1313 3295 1368 3362 illa
1392 3294 1559 3379 inquisitio
1585 3305 1619 3359 et
1648 3295 1695 3360 sic

548 3406 683 3474 secreto,
699 3393 786 3480 quod
809 3393 891 3460 nulli
915 3395 1037 3481 aliquid
1060 3396 1122 3462 fuit
1142 3397 1331 3477 revelatum,
1356 3419 1462 3483 neque
1488 3397 1528 3463 de
1557 3397 1694 3462 interro-

546 3496 731 3583 gationibus
746 3519 803 3581 per
817 3497 1017 3564 Justitiarios
1046 3500 1151 3580 lactis,
1180 3522 1285 3587 neque
1300 3503 1340 3567 de
1355 3499 1621 3587 responsionibus
1635 3521 1694 3586 per

549 3601 646 3666 Cives
668 3599 772 3679 lactis,
798 3622 900 3685 usque
926 3602 967 3666 ad
990 3603 1171 3688 predictum
1197 3604 1294 3671 diem.
1339 3603 1415 3671 Quo
1443 3602 1494 3667 die
1522 3603 1592 3668 Rex
1616 3603 1694 3668 lecit

547 3704 658 3770 venire
672 3726 780 3769 coram
796 3726 830 3770 se
845 3705 886 3768 ad
902 3704 1234 3774 westmonasterium
1250 3706 1411 3772 Maiorem
1423 3716 1457 3771 et
1477 3705 1693 3771 Vicecomites

547 3820 582 3874 et
610 3829 723 3872 omnes
745 3807 984 3872 Aldermannos
1015 3807 1176 3889 Civitatis,
1206 3820 1239 3876 et
1268 3811 1308 3876 de
1337 3809 1491 3890 predictis
1521 3809 1692 3874 duodecim

547 3912 679 3977 Wardis
694 3911 734 3976 de
749 3910 892 3996 qualibet
905 3910 1028 3975 Warda
1041 3910 1114 3977 illos
1129 3912 1260 3998 triginta
1277 3935 1335 3978 sex
1356 3912 1516 3992 homines,
1539 3934 1596 3998 per
1611 3934 1693 3999 quos

549 4014 715 4102 inquisitio
730 4015 814 4080 facta
828 4015 900 4079 luit.
923 4014 969 4080 Et
983 4017 1183 4102 congregatis
1197 4017 1272 4098 illis,
1288 4017 1393 4084 vocati
1408 4026 1485 4082 suut
1499 4016 1692 4084 nominatim

548 4140 662 4185 omnes
687 4117 908 4198 aldermanni,
938 4128 972 4184 et
1000 4119 1041 4186 de
1067 4118 1209 4204 qualibet
1234 4119 1355 4184 Warda
1381 4131 1519 4204 quatuor
1544 4119 1614 4198 riri,
1638 4120 1694 4204 qui
