3886 5010
729 579 928 624 srrnunrx.
1343 563 1401 625 185

254 729 371 777 isborloss
380 730 468 790 suisne,
478 731 545 792 puni
553 731 665 791 temporis
675 731 846 790 hubltsoulum,
856 731 953 792 spiritus
964 729 1148 791 receptuoulum,
1159 731 1275 778 tuntum
1284 731 1405 791 temporis,

254 817 373 871 spectstor
390 812 446 870 site,
464 812 525 860 lucis
543 812 657 870 ductor,
678 812 727 858 site
744 813 906 873 conmmpcio,
925 819 1021 860 olerum
1039 817 1126 870 motus,
1147 811 1229 857 mortis
1250 812 1405 872 msucipium,

254 892 371 938 trunsicus
388 893 471 950 vietor,
482 893 529 939 loci
547 893 639 954 hospes.
680 891 745 948 Quid
763 899 799 939 est
815 893 915 940 celum
937 893 1001 953 spiro
1010 892 1128 948 solubilis,
1145 891 1241 939 culmen
1260 892 1404 940 inmensum.

255 969 320 1027 Quid
331 977 366 1018 est
376 972 548 1032 pulchritudo?
564 972 679 1019 ustumlls
696 972 769 1033 optio,
786 971 852 1032 psrvi
868 972 981 1033 temporis
998 971 1101 1029 fortune,
1112 971 1156 1018 llos
1166 971 1294 1030 muscidos,
1305 971 1406 1020 curnslit

255 1049 362 1109 ielioitss,
377 1052 551 1112 inconpositum
562 1053 693 1114 negotium,
709 1053 815 1099 humens
824 1053 1025 1113 concupiscentis.
1059 1053 1124 1109 Quid
1136 1057 1171 1099 cst
1181 1052 1287 1100 mulieri
1303 1052 1407 1099 hominis

255 1131 371 1188 contusio,
396 1133 557 1180 inesturubilis
579 1134 663 1191 bostis
686 1133 802 1180 continue
822 1132 956 1192 solicitudo,
984 1133 1120 1180 indesinens
1141 1147 1230 1193 pugns,
1258 1133 1406 1179 cotidinnum

256 1211 379 1269 damnum,
395 1213 481 1260 domus
497 1215 650 1274 tempestatis,
667 1213 780 1260 cestitstis
793 1214 999 1274 impedimentum,
1010 1214 1054 1260 riri
1065 1214 1235 1261 incontinentis
1246 1213 1406 1274 muimgium,

255 1293 368 1340 sdultcrii
378 1308 426 1351 uss,
443 1295 573 1355 pretiosum
588 1295 699 1355 prelium,
710 1294 797 1340 suimsl
808 1295 944 1354 pessimum,
955 1294 1049 1354 pondus
1058 1294 1230 1354 pronissimum,
1241 1295 1303 1355 sspis
1314 1294 1406 1341 insens-

255 1373 317 1430 bil'u,
329 1375 461 1422 humanum
471 1375 627 1434 msucipium.
651 1373 716 1430 Quid
727 1378 762 1421 est
771 1375 881 1423 unicust
898 1373 1053 1432 desidersbile
1064 1389 1159 1436 nomeu,
1170 1374 1241 1422 homo
1248 1376 1289 1428 vix
1299 1389 1407 1438 spurcus,

256 1469 305 1502 non
317 1454 447 1501 invidendo
456 1457 576 1516 pusulo,
586 1457 706 1517 retugium
716 1456 841 1514 ielicitntis,
852 1456 945 1508 miserie
960 1455 1083 1513 revolutor,
1098 1455 1236 1506 indeficiens
1252 1457 1328 1516 quies,
1339 1457 1406 1503 inde-

256 1535 336 1581 sinens
352 1535 461 1582 inlicitus.
493 1536 559 1592 Quid
570 1543 605 1584 ot
614 1537 738 1598 sgrtoots?
754 1537 863 1584 taborum
874 1537 989 1594 minister,
1003 1537 1117 1583 heremite
1133 1541 1282 1596 conquestor,
1298 1543 1407 1597 operstor

256 1631 309 1664 esce
320 1623 390 1674 terre,
400 1617 506 1664 medicus
516 1618 667 1665 arbustorum
683 1617 851 1678 plsutstorum
865 1619 984 1666 montium
994 1617 1163 1677 complunstor.
1198 1616 1262 1672 Quid
1275 1622 1310 1663 est
1321 1618 1406 1665 nevis?

257 1699 351 1744 murins
360 1697 473 1758 opentio,
481 1699 567 1744 domus
572 1700 662 1758 abque
670 1698 835 1756 iundumento,
843 1699 892 1745 sris
903 1698 990 1758 lignes,
1001 1698 1093 1744 incenis
1102 1696 1173 1743 sslus.
1192 1697 1257 1753 Quid
1267 1704 1303 1744 eet
1314 1701 1406 1746 muto?

258 1778 376 1825 fluctuum
387 1779 471 1835 sistor,
477 1779 584 1825 murinus
592 1779 718 1839 equitstor,
728 1780 792 1826 orbis
800 1778 892 1839 hospes,
903 1784 966 1824 terre
976 1778 1089 1834 desertor,
1096 1779 1241 1838 tempestotis
1249 1785 1405 1827 conceststor.

258 1856 366 1914 Quidcst
373 1857 474 1904 divitis?
490 1858 543 1904 suri
553 1858 655 1918 pondus,
662 1859 760 1918 insidis,
767 1859 926 1916 mministsr
936 1857 1201 1913 insstisbllis,cururum
1208 1857 1405 1916 desideretsrum,

259 1938 404 1985 desiderium
412 1938 816 1999 inexplebilo,osexoelsum,invlss
824 1939 1024 2000 concupiscentis.
1045 1938 1305 2002 Quidestpsupertssi
1317 1941 1406 1988 odibile

258 2020 357 2076 bonum,
365 2019 471 2066 nuitstis
480 2024 564 2076 mster,
572 2033 684 2066 curuum
691 2021 798 2078 remotio,
805 2022 896 2081 ubsque
902 2019 1053 2067 solicitudine
1061 2021 1151 2078 semita,
1158 2021 1272 2082 supientie
1283 2021 1406 2082 repernis,

257 2103 380 2162 negotium
386 2102 438 2148 sinc
445 2101 557 2162 dnmpno,
564 2101 721 2149 intructsbilis
727 2103 867 2158 substsutin,
873 2103 985 2163 potessio
991 2103 1042 2148 sine
1048 2102 1192 2163 columpnis,
1201 2103 1297 2150 inventu
1303 2103 1407 2161 fortune,

257 2184 309 2230 sino
326 2182 477 2230 solicitudine
495 2182 603 2230 ielioitss.
637 2183 702 2239 Quid
721 2189 757 2231 est
774 2185 904 2231 moetus?
928 2188 1036 2244 optutum
1053 2184 1144 2231 mulum
1165 2185 1297 2242 inventum,
1316 2199 1407 2238 morsus

258 2264 392 2321 incolumis,
407 2263 491 2324 lsngor
500 2263 627 2324 respirent,
643 2277 707 2310 mors
716 2265 852 2322 vehemens,
867 2277 953 2325 expers
968 2279 1039 2322 mors,
1054 2271 1179 2325 expectet·
1190 2279 1253 2313 mors
1263 2266 1406 2314 communis.

257 2344 323 2402 Quid
334 2347 504 2406 esteompnusl
515 2345 597 2392 mortis
603 2345 805 2406 inquisitorum
811 2346 887 2406 quies,
894 2345 1042 2392 medicorum
1050 2347 1249 2406 experimentum,
1257 2346 1408 2408 vigilsntium

256 2427 380 2487 sspientin,
391 2426 506 2475 victorum
517 2426 610 2484 solutio,
622 2427 796 2474 infirmantium
807 2433 898 2485 sotum,
909 2427 1049 2486 miserorum
1067 2427 1212 2476 desiderium
1232 2428 1320 2484 vivum,
1331 2429 1408 2475 suncti

256 2507 352 2568 spiritus
359 2507 459 2568 requies.
485 2506 550 2564 Quid
561 2508 671 2556 estvitst
687 2509 811 2557 bustorum
822 2507 905 2566 tetttts,
912 2508 1052 2554 miscrorum
1060 2509 1309 2568 mesdtiuorpoctstio
1317 2510 1407 2556 monis.

257 2589 322 2647 Quid
333 2595 368 2636 est
378 2592 461 2638 mors?
477 2594 573 2636 eternus
583 2601 704 2648 sompnus,
715 2587 839 2635 dissolutio
849 2601 984 2647 corporum,
995 2589 1097 2635 divitum
1108 2603 1188 2650 paor,
1204 2603 1337 2650 psuporum
1348 2589 1408 2638 desi,

256 2672 358 2727 derium,
369 2669 528 2717 indesitubilis
543 2670 634 2714 incerte
644 2668 802 2728 peregi-iussio
818 2667 929 2724 hominis,
941 2668 1009 2724 istro,
1024 2669 1082 2727 iuge
1098 2671 1155 2725 vite,
1169 2669 1282 2716 resolutio
1293 2670 1407 2728 omnium,

255 2750 321 2808 Quid
332 2756 375 2809 est,
385 2751 450 2810 quod
461 2755 559 2810 generet
569 2748 661 2794 verbs?
674 2747 779 2808 iliugrts.
804 2745 870 2801 Quid
881 2753 916 2793 est
927 2746 1030 2806 lingue?
1049 2747 1187 2806 flugellinus
1197 2749 1250 2804 eris,
1262 2749 1407 2808 qusndoque
1413 2763 1452 2820 so,
1464 2762 1479 2809 9
1491 2769 1523 2812 ,e

256 2833 313 2888 sits,
330 2831 475 2891 quaudoque
489 2843 561 2876 mors.
595 2827 661 2884 Quid
678 2832 713 2873 est
731 2829 793 2873 seri
817 2825 926 2872 custodis
943 2827 998 2873 site.
1032 2825 1097 2882 Quid
1115 2833 1151 2874 est
1167 2828 1283 2876 libertus?
1304 2829 1407 2876 hominis

257 2911 400 2958 innocentie
437 2909 503 2966 Quid
525 2915 561 2955 est
581 2910 673 2969 ceput?
699 2913 779 2953 custoe
799 2905 913 2966 eorporis.
959 2905 1024 2961 Quid
1046 2913 1081 2951 est
1102 2911 1207 2966 corpus?
1230 2909 1309 2954 snime
1331 2909 1406 2956 domi·

256 2991 347 3037 cilium.
380 2988 445 3046 Quid
464 2994 522 3034 suut
539 2989 626 3034 como?
643 2992 718 3033 restes
734 2985 825 3046 cspitis.
859 2984 924 3040 Quid
939 2991 974 3031 cst
991 2985 1086 3031 bsrbs?
1102 2999 1172 3032 sexus
1188 2987 1307 3035 ducatio.
1341 2989 1406 3045 Quid

256 3077 292 3118 est
302 3071 446 3118 cerebrum?
463 3074 541 3116 custos
548 3067 671 3126 memorio·
694 3065 759 3124 Quid
767 3071 824 3112 suut
834 3065 918 3113 oculi?
935 3065 1008 3113 duces
1017 3066 1129 3126 corporis,
1140 3081 1195 3124 pseu
1205 3067 1309 3125 luminis,
1316 3069 1406 3116 indices

255 3153 338 3200 snimi.
370 3152 435 3209 Quid
446 3157 502 3199 sunt
513 3153 600 3198 neres?
616 3153 739 3196 comtores
748 3161 868 3195 sonorum
911 3149 977 3205 Quid
987 3147 1071 3196 ironsi
1087 3150 1165 3211 lmugo
1179 3149 1262 3198 enimi.
1295 3151 1360 3207 Quid
1371 3159 1407 3199 est

255 3239 302 3283 osi
318 3235 422 3282 nutritor
431 3233 542 3292 corporis.
576 3231 642 3287 Quid
652 3230 822 3278 suutdeutes?
847 3230 910 3277 niolo
925 3230 1067 3278 mordentes.
1100 3230 1165 3288 Quid
1176 3231 1324 3280 suutlsbist
1340 3233 1406 3280 vulve

255 3318 321 3365 oris?
354 3315 418 3372 Quid
429 3320 486 3361 sunt
495 3315 601 3360 munus?
626 3311 849 3372 operariicorporis.
882 3312 947 3369 Quid
958 3317 1015 3359 sunt
1026 3313 1115 3373 digiti?
1139 3313 1264 3360 cordurum
1278 3313 1405 3374 plectrum.

257 3398 322 3455 Quid
333 3402 368 3443 est
384 3395 486 3456 pulmo?
509 3398 613 3440 servator
632 3393 688 3440 oris.
722 3391 786 3449 Quid
797 3393 828 3438 sit
839 3395 898 3440 cort
922 3392 1099 3452 receptaculum
1115 3394 1169 3439 site.
1204 3394 1269 3450 Quid
1279 3395 1310 3441 sit
1317 3395 1406 3456 jecur?

256 3476 464 3526 custodiscslorts
498 3474 563 3530 Quid
574 3478 609 3521 est
619 3473 670 3520 iel?
694 3472 816 3519 suscitatio
826 3472 959 3519 irsoundio.
993 3471 1058 3528 Quid
1070 3478 1105 3519 est
1114 3473 1203 3533 splen?
1226 3475 1287 3522 risus
1298 3481 1322 3522 et
1333 3475 1407 3523 letitie

255 3573 339 3621 αμα,
380 3557 445 3614 Quid
463 3562 500 3602 est
514 3554 669 3602 stomachus?
691 3554 799 3600 ciborum
818 3558 908 3600 coctus.
942 3552 1008 3608 Quid
1024 3559 1081 3600 sunt
1100 3557 1171 3602 oses?
1193 3556 1267 3602 robur
1293 3557 1405 3616 corporis.

255 3642 321 3698 Quid
331 3646 388 3688 sunt
398 3641 478 3686 cose?
494 3636 596 3699 epistilio
612 3634 802 3696 columpnarum.
835 3634 946 3690 Quidust
959 3635 1074 3695 unguis?
1090 3634 1308 3686 humorvensmm.
1341 3638 1407 3694 Quid

256 3723 401 3770 suutvenei
418 3722 502 3777 tontes,
513 3732 595 3766 curus.
629 3717 694 3775 Quid
708 3723 744 3764 est
758 3716 822 3764 luxi
845 3715 918 3762 isoiss
931 3717 1040 3763 omnium
1055 3730 1143 3764 rerum.
1176 3717 1241 3774 Quid
1253 3725 1309 3766 snut
1319 3718 1407 3766 stelle?

255 3805 349 3866 picture
359 3801 500 3863 columpnis,
517 3806 644 3848 nsuhrum
655 3798 805 3860 gubernatio,
820 3797 896 3844 noctis
906 3798 987 3845 decor.
1021 3797 1086 3853 Quid
1106 3803 1141 3844 est
1158 3799 1260 3859 plumst
1284 3801 1408 3860 conceptio

256 3891 327 3942 tem,
343 3883 441 3944 irngnm
458 3883 572 3943 genitrix.
606 3881 671 3939 Quid
689 3887 746 3928 sunt
762 3879 871 3928 nebule?
887 3893 936 3926 uox
952 3880 978 3926 in
996 3879 1043 3937 die,
1054 3880 1122 3926 lsbor
1132 3881 1264 3928 oculorum.
1296 3881 1362 3937 Quid
1373 3887 1409 3928 est

257 3965 437 4012 venturaene
457 3964 611 4024 perturbetio,
630 3963 750 4010 mobilius
767 3977 834 4020 sure,
854 3962 947 4009 sicoltss
963 3967 1034 4008 terre.
1067 3961 1132 4016 Quid
1149 3967 1184 4007 est
1200 3962 1310 4011 flumen?
1325 3977 1409 4009 cursus

258 4045 403 4102 iudeficiens,
422 4044 518 4091 reiectio
536 4045 599 4103 solis,
625 4045 731 4105 lnigstio
749 4049 818 4091 terre.
852 4043 917 4100 Quid
939 4047 974 4089 cst
992 4046 1075 4102 sque?
1091 4042 1225 4089 subsidium
1242 4044 1298 4099 vite,
1317 4043 1409 4090 sblutio

256 4125 370 4174 sordium.
404 4123 468 4179 Quid
480 4129 516 4170 est
525 4124 600 4183 gelu?
616 4129 753 4184 persecutor
762 4124 899 4180 her-berum,
910 4123 1031 4170 vinculum
1042 4128 1113 4181 terre,
1124 4121 1176 4168 lons
1186 4137 1310 4183 squsrum.
1343 4123 1408 4181 Quid

305 4225 419 4270 usuc.
435 4221 510 4266 soc.
1046 4207 1065 4264 2
1085 4222 1105 4265 u
