3930 5088
570 587 632 644 106
926 597 1087 644 cronica
1113 598 1290 644 neronum
1316 601 1362 644 su

351 758 513 836 fleturum
612 751 710 814 Anno
733 750 858 828 ecdem,
877 750 911 814 in
937 749 1077 816 crastino
1100 749 1211 814 Sancti
1233 748 1349 814 Jacobi
1372 747 1534 834 Apostoli,
1547 747 1652 812 lactus
1667 756 1718 812 est

348 823 542 869 “dmm‘'
568 851 834 916 Constabularius
853 853 964 916 Turris
991 851 1245 931 Londoniarum,
1270 862 1305 917 et
1320 850 1441 917 Custos
1467 849 1613 936 ejusdem
1630 849 1719 915 Civi-

568 953 654 1032 tatis,
670 953 821 1018 dominus
837 954 1022 1039 Stephanus
1037 953 1077 1018 de
1092 952 1319 1017 Eddeworthe.

613 1056 741 1134 Postea,
772 1055 887 1119 eodem
916 1077 1013 1134 anno,
1044 1056 1115 1120 Rex
1144 1055 1346 1135 Alemannis,
1374 1057 1409 1119 in
1434 1055 1575 1120 crastino
1606 1054 1717 1120 Sancti

569 1156 655 1220 Petri
670 1157 711 1219 ad
725 1156 874 1236 Vincula,
888 1157 1022 1222 recessit
1046 1156 1268 1235 aLondoniis,
1283 1158 1513 1222 transfretums
1532 1157 1567 1220 in
1582 1177 1715 1240 regnum

567 1281 674 1324 suum.

613 1361 688 1425 Hoc
702 1381 799 1438 anno,
814 1370 891 1444 post
914 1359 1140 1439 Pentecosten,
1155 1361 1306 1445 magister
1321 1359 1519 1425 Godefridus
1541 1359 1581 1423 de
1598 1359 1718 1425 Sancto

568 1465 754 1540 Dunstano‚
779 1471 859 1527 tunc
883 1461 1040 1546 temporis
1064 1462 1187 1527 Custos
1213 1463 1432 1548 Episcopatus
1462 1462 1716 1541 Londoniarum,

567 1563 710 1648 injunxit
734 1563 921 1648 presbiteris
944 1562 1181 1649 parochialibus
1197 1563 1347 1629 Civitatis
1362 1575 1400 1628 ut
1414 1564 1571 1648 quosdam
1587 1586 1718 1649 magna·

567 1674 617 1728 tes
642 1664 786 1749 predicte
812 1664 962 1729 Civitatis
988 1664 1220 1730 denunciarent
1243 1666 1550 1745 excommunicatos,
1566 1687 1606 1731 eo
1630 1667 1718 1752 quod

567 1767 727 1853 recipiunt
751 1767 976 1854 probationem
1000 1777 1267 1832 testamentorum
1292 1769 1332 1834 de
1355 1769 1449 1835 terris
1475 1779 1509 1834 et
1523 1769 1717 1834 tenementis

566 1871 698 1956 legetis3
728 1871 816 1935 unde
843 1868 941 1934 Cives
965 1869 1222 1954 impetraverunt
1246 1893 1265 1934 a
1289 1871 1432 1936 Domino
1452 1873 1540 1958 Rege
1555 1872 1717 1957 quoddam

566 1971 674 2050 breve,
689 1972 781 2054 cujus
797 1981 891 2036 tenor
905 1971 978 2036 talis
994 1980 1055 2036 est.

611 2073 784 2151 Henricus,
799 2072 863 2137 Dei
872 2072 984 2157 gratia,
1004 2081 1062 2148 tm.
1077 2073 1236 2158 Magistro
1259 2071 1449 2154 Godefrido,
1466 2072 1605 2139 Custodi
1620 2075 1717 2160 Epis-

568 2186 703 2260 copatus
718 2174 972 2253 Loudoniarum‚
989 2174 1135 2238 salutem.
1190 2174 1276 2240 Cum
1293 2175 1390 2240 Cives
1412 2176 1517 2239 nostri
1531 2176 1720 2241 Londonie-

419 2302 450 2332 us·
567 2299 651 2357 rum,
665 2299 684 2340 a
698 2286 845 2362 tempore
862 2297 928 2362 quo
943 2297 1010 2339 non
1033 2287 1123 2340 extat
1137 2277 1302 2355 memoria,
1317 2298 1358 2340 ex
1372 2279 1580 2342 concessione
1605 2278 1719 2361 prede-

567 2399 733 2444 cessorum
748 2389 934 2444 nostrorum
943 2383 956 2457 l
966 2377 1092 2462 Regum
1108 2377 1224 2462 Anglie
1243 2389 1277 2442 et
1296 2389 1418 2456 nostra,
1432 2388 1519 2442 etex
1534 2379 1667 2462 antiqua
1684 2389 1719 2443 et

568 2479 745 2565 approbata
770 2479 1015 2559 consuetudine,
1029 2489 1130 2544 terras
1154 2489 1189 2544 et
1210 2490 1395 2544 tenementa
1410 2502 1468 2544 sua
1492 2479 1574 2544 infra
1588 2479 1718 2544 liberta·

568 2593 636 2646 tem
660 2579 811 2645 Civitatis
833 2580 988 2665 predicte,
1013 2581 1048 2644 in
1065 2579 1180 2644 ultima
1193 2580 1361 2646 voluntate
1383 2603 1441 2646 sua
1460 2603 1519 2666 pro
1540 2604 1601 2646 suo
1625 2580 1719 2647 libito

568 2685 684 2768 legare,
699 2693 733 2749 et
746 2704 855 2748 coram
870 2705 905 2748 se
916 2682 997 2768 ipsis
1011 2682 1045 2747 in
1062 2682 1234 2768 Hustengo
1249 2704 1310 2747 suo
1324 2683 1505 2748 Londoniis
1530 2685 1629 2770 hujus
1644 2707 1720 2770 pro·

570 2786 735 2852 bationem
761 2787 957 2864 testamenti,
971 2806 1037 2870 quo
1063 2785 1105 2850 ad
1128 2786 1191 2851 hoc
1212 2785 1382 2852 admittere
1408 2787 1646 2868 consueverint,
1660 2810 1721 2854 vos

570 2890 605 2953 in
633 2887 823 2974 hujusmodi
851 2888 1059 2974 probationes
1088 2889 1297 2954 admittentes
1328 2889 1363 2953 in
1397 2890 1538 2955 Ciuitate
1567 2891 1721 2975 predicta,

572 2993 768 3058 sententiam
792 2991 1146 3070 excommunicationis,
1169 3002 1282 3057 contra
1306 2993 1557 3058 eonsuetudines
1586 3004 1621 3058 et
1644 3016 1722 3058 con·

573 3093 737 3158 cessiones
766 3092 928 3177 predictas
957 3093 1126 3172 intulistis,
1156 3104 1196 3157 ut
1234 3095 1428 3179 accepimus,
1466 3095 1508 3160 ad
1544 3097 1720 3161 eorundem

574 3195 705 3261 Civium
731 3194 960 3259 detrimentum
985 3217 1051 3260 non
1082 3195 1258 3275 modicum,
1281 3207 1316 3261 et
1339 3197 1374 3260 in
1405 3197 1534 3262 Corone
1563 3208 1597 3264 et
1623 3199 1722 3282 Regio

575 3295 739 3381 dignitatis
769 3304 879 3360 nostre
908 3297 1120 3381 prejudicium
1150 3299 1379 3382 manifestum
1416 3300 1457 3365 de
1480 3323 1546 3386 quo
1569 3301 1724 3365 miramur

575 3420 673 3483 quam
698 3397 874 3483 plurimum
901 3408 936 3463 et
957 3420 1137 3466 movemur.
1181 3401 1228 3464 Et
1250 3401 1325 3466 ideo
1345 3401 1439 3467 vobis
1465 3402 1656 3467 mandamus
1670 3403 1725 3466 fir-

576 3501 672 3566 miter
686 3500 892 3585 injungentes
916 3502 1069 3587 quatinus
1085 3503 1278 3568 sententiam
1294 3504 1469 3588 predictum
1484 3505 1519 3568 in
1536 3505 1633 3569 Cives
1648 3527 1725 3569 nos·

577 3615 646 3668 tros
671 3603 833 3688 predictos
856 3625 895 3668 ea
918 3606 1087 3670 occasione
1110 3605 1300 3685 latam,sine
1323 3627 1412 3670 more
1438 3605 1617 3690 dispendio,
1632 3627 1725 3669 revo-

579 3705 680 3784 eetis3
712 3715 748 3770 et
771 3706 844 3784 hoc,
868 3706 952 3771 sicut
974 3707 1228 3792 indignationem
1255 3718 1398 3772 nostram
1421 3707 1522 3771 vitare
1548 3707 1726 3787 volueritis,

581 3807 766 3872 nullatenus
791 3808 965 3887 omittatis,
978 3808 1025 3872 ita
1038 3809 1127 3894 quod
1150 3831 1218 3874 non
1244 3820 1394 3895 oporteat
1419 3830 1480 3872 nos
1496 3809 1635 3894 amplius
1651 3809 1727 3876 inde

583 3909 757 3986 sollicitari,
772 3932 831 3996 per
855 3910 944 3995 quod
969 3933 1102 3975 manum
1128 3911 1169 3975 ad
1183 3911 1246 3977 hoc
1261 3911 1352 3976 aliter
1366 3932 1528 3997 apponere
1542 3911 1729 3979 debeamus.

584 4011 713 4093 Scituri,
732 4013 823 4098 quod
842 4012 906 4077 nisi
921 4012 1071 4093 feceritis,
1087 4014 1158 4080 Nos
1173 4014 1214 4080 ad
1228 4037 1288 4080 vos
1307 4025 1342 4080 et
1355 4026 1495 4080 vestram
1510 4026 1577 4080 tam
1592 4017 1730 4100 graviter

582 4116 760 4202 capiemus,
775 4117 863 4202 quod
877 4138 937 4182 vos
960 4139 1001 4182 ex
1020 4115 1096 4183 inde
1111 4140 1177 4183 non
1194 4117 1396 4184 mediocriter
1411 4117 1557 4184 sentietis
1570 4129 1729 4204 gravatos.
