3886 5010
710 621 909 666 sennunrx.
1318 605 1385 682 227

262 771 292 822 nt
303 773 401 821 Domini
412 773 556 836 dmrinpnt
566 779 675 822 urentes
684 789 739 822 snos
749 782 833 824 eontrs
843 776 987 836 provisiones
997 776 1071 825 isetss
1081 793 1125 840 pro
1135 776 1274 838 hujusmodi
1284 784 1358 826 seots.
1397 778 1425 825 0.
1431 778 1500 840 nniuj-

265 855 527 904 Deseet'nsnbtrsetis.
1396 859 1481 906 Geir.

265 938 304 986 De
313 940 391 986 tumis
402 939 587 988 Vioeeomitnnr.

265 1019 304 1066 Ne
313 1019 406 1079 niiqnid
417 1019 525 1079 espistur
534 1033 578 1080 pro
589 1019 672 1082 polone
683 1021 804 1083 plseitsre.

265 1099 305 1150 De
315 1103 411 1148 dotibus
421 1101 558 1150 mutierem.

265 1181 303 1229 De
313 1183 399 1229 nitims
408 1184 582 1243 presentstione
592 1184 755 1232 eeeioeisrnm.

266 1259 305 1309 De
315 1263 505 1310 nttseirismentis
515 1264 629 1310 iseiendis
640 1265 665 1310 in
676 1265 796 1322 brevibus,
808 1264 850 1310 nbi
860 1263 1044 1311 stisehisments
1052 1263 1142 1324 Jseent.

265 1343 336 1399 Quod
348 1345 439 1404 positos
450 1345 475 1390 in
486 1345 639 1403 inquisitione
651 1359 699 1392 non
710 1346 796 1393 hebent
807 1346 852 1392 nisi
863 1346 963 1392 unienm
973 1345 1099 1392 monium.
1394 1349 1422 1396 0.
1429 1364 1484 1397 mn.

265 1424 304 1471 De
314 1425 361 1472 illis
372 1427 414 1486 qui
425 1425 515 1473 hebent
525 1433 601 1474 osrtss
613 1428 770 1487 exemptionis
781 1434 805 1475 et
816 1427 939 1474 libertatis.
1394 1431 1421 1479 0.
1429 1431 1492 1480 xxvi.

267 1504 373 1554 Hiberes
383 1515 436 1568 post
446 1513 547 1554 mortem
558 1509 711 1554 snteeeneris
719 1509 758 1554 sni
769 1508 815 1556 trit
826 1509 890 1555 inii-s
900 1514 995 1556 entem.
1394 1513 1421 1561 G.
1429 1513 1500 1574 remi.

1385 1594 1426 1654 so.
1440 1594 1487 1644 147
1499 1601 1531 1641 nt.

265 1665 292 1713 Di
303 1666 371 1715 heres
381 1669 407 1715 in
418 1675 494 1716 morte
505 1668 647 1716 snteeessori
657 1668 695 1714 sui
706 1668 737 1715 de
745 1673 813 1716 etsie.
1397 1673 1508 1738 (Μαάθ.
1519 1673 1601 1736 aviij.

265 1748 303 1796 De
314 1749 493 1809 hereditstibns,
503 1751 546 1811 qni
558 1751 588 1796 de
600 1748 667 1810 Repe
677 1754 790 1796 tenentur
800 1751 825 1796 in
836 1751 921 1811 espitt.
1396 1759 1424 1807 0.
1436 1759 1502 1806 xm.

266 1829 440 1891 Detentisque
450 1830 711 1892 tenentnrinsoesgio.
1396 1843 1487 1890 am,

265 1910 336 1968 Quod
344 1912 426 1958 nullus
435 1917 513 1972 posset
523 1913 651 1959 nmereisre
660 1911 766 1973 niiqnem
780 1925 825 1971 pro
843 1911 932 1958 deinits
947 1911 1079 1960 eommunis
1097 1909 1288 1958 summonitionis
1304 1913 1383 1969 preter
1396 1923 1423 1971 ο,
1431 1921 1497 1972 mi,

230 1993 358 2053 espitstem
367 1993 384 2042 J
386 1993 533 2040 ustieisrinnt
544 1994 580 2040 rel
591 1992 757 2041 Justieisrinm
768 1993 794 2039 in
805 1993 890 2040 itinere
900 2007 951 2042 suo.

266 2072 337 2128 Quod
347 2074 428 2121 nuilus
438 2079 534 2121 tenenu
542 2075 624 2135 insere
630 2088 673 2136 pro
682 2075 792 2122 uoneis.

265 2153 354 2200 Nullus
363 2159 443 2202 tenut
454 2154 542 2214 plsoits
553 2152 583 2200 de
594 2154 653 2200 isiso
660 2153 753 2215 judicio
764 2160 864 2214 exeepto
875 2154 949 2216 Rege.

262 2233 336 2290 Quod
347 2235 484 2282 Vioeoomee
494 2236 566 2284 debet
576 2234 708 2282 delibes-sse
719 2236 799 2282 usmis
810 2235 898 2296 injuete
908 2241 986 2296 ospts.

266 2314 355 2363 Nullus
365 2318 505 2378 respondent
516 2316 546 2363 de
557 2315 632 2363 libero
643 2321 779 2363 tenemento
787 2331 830 2363 sno
840 2316 892 2364 sine
903 2317 969 2365 brevi
980 2316 1062 2378 Regis.

263 2395 304 2442 De
316 2397 414 2444 Bsiliris
424 2399 467 2459 qui
478 2397 567 2445 debent
577 2403 714 2458 eornpotnm
726 2397 835 2445 Dominis
844 2399 902 2447 suis.

263 2475 337 2533 Quod
347 2479 446 2526 flrmsrii
457 2493 505 2526 non
517 2478 606 2526 ineisnt
617 2485 718 2527 vntum.

263 2558 338 2615 Quod
348 2559 429 2606 riliste
439 2573 488 2605 nen
496 2560 656 2606 smetnientnr
666 2559 691 2605 in
703 2560 789 2607 itinere
799 2556 999 2609 Justieisriorum.

265 2639 305 2688 De
314 2640 421 2688 murdro.

237 2755 240 2760 t
267 2722 305 2769 De
316 2721 415 2781 illisqui
427 2718 503 2764 roesti
513 2725 570 2764 snnt
580 2718 611 2763 sd
623 2724 756 2765 mnntnm
767 2733 847 2766 norem
857 2719 1000 2768 Justieisriis
1011 2719 1185 2766 itinerantibus.

238 2847 241 2854 ,
267 2803 305 2849 De
315 2800 407 2847 elesioit
416 2798 511 2844 metetis
519 2798 555 2844 vei
565 2797 697 2858 eppellniis.

267 2883 306 2930 De
316 2880 406 2941 rapinis
416 2879 484 2925 iretis
493 2877 590 2938 prelstis
601 2877 689 2924 sinete
700 2877 815 2928 Eeelesie.

267 2965 306 3012 De
317 2960 445 3009 diseisinis
454 2959 523 3007 netis
533 2959 589 3006 viris
599 2959 730 3020 religionis.

268 3047 306 3095 De
317 3046 382 3094 breti
393 3045 424 3093 de
434 3045 550 3106 ingressu.

610 3181 741 3232 lennes-s
757 3180 831 3230 Nove
847 3181 1021 3230 Pnerrsrosrs.

270 3309 344 3354 Anno
354 3305 455 3355 Domini
466 3304 513 3352 M0.
526 3303 584 3353 ΟΨ.
595 3305 740 3365 semgesimo
758 3303 865 3364 septimo,
882 3305 950 3365 regni
966 3309 1047 3351 entem
1063 3301 1163 3350 Henriei
1177 3301 1250 3363 Regis
1260 3299 1303 3347 iilii
1315 3299 1388 3362 Regis

236 3386 356 3435 Jobsnnis
372 3384 569 3445 quinquegesimo
578 3384 692 3441 renuntio,
702 3385 728 3430 in
740 3385 835 3431 oetnbss
845 3384 928 3431 Seneti
940 3383 1046 3442 Mertini,
1061 3384 1200 3446 providente
1217 3383 1268 3442 ipso
1284 3381 1388 3427 Domino

238 3467 305 3528 Rege
326 3465 358 3512 sd
379 3465 447 3525 regni
464 3463 501 3510 sui
518 3463 606 3524 Angiie
623 3463 810 3510 meliorntionem
832 3469 856 3511 et
878 3463 1049 3510 exhibitionem
1067 3464 1171 3525 justicie,
1192 3468 1264 3524 prout
1292 3461 1389 3523 Regalis

236 3547 318 3595 Officii
328 3547 434 3608 exposeit
444 3543 543 3602 utilius,
555 3545 694 3604 pleniorem,
705 3543 839 3590 oonroentis
850 3542 1025 3590 discretioribus
1033 3545 1140 3606 ejusdem
1151 3544 1227 3605 regni,
1237 3549 1287 3590 tom
1298 3559 1328 3591 ex
1340 3559 1388 3591 ms-

236 3630 331 3693 Joribns
341 3642 414 3689 quem
424 3625 564 3682 minoribus,
575 3624 674 3670 tirmiter
684 3639 712 3671 so
723 3625 890 3672 inviolabiliter
900 3630 980 3685 tempo
994 3620 999 3688 Ι
1012 3626 1079 3672 ribus
1089 3627 1210 3686 perpetuis
1220 3627 1364 3674 observetur.
1394 3633 1433 3693 fe,
1448 3630 1494 3677 lte
1507 3637 1538 3677 ιθ.

271 3712 335 3758 (inm
345 3711 427 3771 igitur,
437 3715 542 3768 tempore
553 3707 695 3754 turbationis
702 3719 780 3766 nuper
790 3706 816 3752 in
826 3721 900 3768 regno
910 3707 1015 3764 suborto,
1027 3713 1051 3754 et
1059 3707 1178 3768 deinceps,
1186 3708 1256 3755 multi
1267 3713 1388 3769 magnetes
1402 3714 1457 3764 ai.

237 3798 265 3840 et
282 3793 323 3838 eiii
339 3792 460 3854 justiniam
471 3803 520 3836 non
531 3788 623 3850 dignsti
634 3787 724 3835 tuerint
739 3789 843 3849 recipere
860 3803 903 3849 per
920 3787 1053 3836 Dominum
1069 3785 1160 3846 Regem
1177 3796 1201 3835 et
1217 3788 1308 3836 enrism
1327 3790 1387 3851 ejus,

239 3880 312 3934 prout
324 3873 457 3922 debuerant
475 3877 499 3918 et
516 3877 687 3918 oonsueversnt
703 3872 851 3932 temporibus
867 3870 1059 3931 predecessorum
1075 3869 1149 3928 ipsius
1166 3869 1264 3916 Domini
1282 3868 1355 3930 Regis
1366 3876 1390 3916 et

237 3956 311 4002 etiem
322 3960 428 4016 tempore
438 3966 482 4000 sno
494 3969 501 4009 ;
515 3953 557 4000 sed
569 3954 600 3999 de
611 3953 694 3999 vicinis
704 3953 753 3999 suis
764 3958 788 3999 et
803 3952 855 3999 siiis
870 3966 914 4012 per
930 3965 955 3998 se
973 3952 1034 4012 ipeos
1052 3950 1155 4011 grevinr
1173 3949 1276 3996 ultiones
1291 3950 1391 3997 iecerint

236 4040 264 4081 et
274 4049 357 4096 gretes
367 4033 525 4080 districtiones
536 4047 661 4094 quousque
671 4033 846 4093 redemptiones
856 4033 988 4093 reciperent
998 4032 1029 4077 sd
1039 4031 1184 4077 voluntatem
1195 4043 1269 4076 sunm.
1296 4027 1328 4075 Et
1338 4043 1391 4089 pre-

238 4119 305 4162 tereo
321 4115 420 4175 quidem
437 4127 520 4161 eornm
539 4129 564 4160 se
578 4115 697 4175 Justieisri
714 4129 764 4160 non
783 4115 922 4174 permittent
937 4127 980 4173 per
998 4113 1118 4158 ministros
1135 4110 1234 4156 Domini
1251 4109 1330 4169 Regis,
1347 4123 1392 4158 nen

238 4196 374 4244 sustinesnt
384 4195 449 4255 quod
460 4207 504 4256 per
517 4207 556 4240 eos
572 4195 703 4240 liberentur
717 4195 883 4251 districtiones,
901 4207 961 4254 quse
976 4193 1116 4241 nuotositnte
1132 4191 1228 4254 propris
1247 4189 1347 4238 iecerint
1361 4191 1392 4240 sd
