3898 5022
811 517 989 564 neesson.
1407 499 1504 565 clxvii

302 668 365 728 vult
376 677 406 730 et
418 670 544 747 assignet
556 668 686 728 Jehsnne
699 670 824 728 eonsorti
837 689 888 729 sue
901 671 996 730 omnis
1008 678 1038 728 et
1050 669 1164 748 singule
1177 687 1246 728 voss
1257 689 1351 740 auree,
1361 679 1504 747 ugentes,

302 765 435 825 desereto
447 774 476 823 et
488 783 546 824 non
558 764 701 835 dmurste,
714 783 793 834 enee,
806 775 835 824 et
848 785 1024 844 quecumque
1036 767 1094 826 slis
1106 768 1180 826 bons
1199 767 1314 826 mobilis
1326 774 1355 826 et
1372 767 1504 826 universo

302 863 404 922 ortelle
427 882 487 932 nus,
508 863 678 939 uhionmqne
701 862 815 921 inventu
839 883 888 922 seu
911 863 1044 940 mediate
1064 865 1194 932 uisum,
1220 861 1257 924 sd
1280 864 1354 922 hene
1375 863 1503 925 ultimm

301 957 474 1017 voluntatem
484 958 711 1036 perimplmdsm,
721 958 778 1018 illie
787 960 864 1016 veris
873 978 938 1018 eum
951 960 1173 1036 quibuscumque
1186 959 1249 1017 eliis
1261 959 1342 1018 bonis
1356 959 1502 1035 specialius

300 1057 330 1114 in
354 1056 407 1114 hue
429 1055 572 1114 voluntate
594 1056 695 1132 legetis
716 1057 852 1116 duntust
870 1058 1001 1134 exeeptis.
1041 1056 1088 1115 Ite
1103 1056 1180 1134 quod
1193 1064 1257 1134 port
1270 1055 1415 1116 deeesstm
1428 1055 1502 1114 dioto

300 1152 431 1212 Johonue
442 1151 556 1210 dimidie
568 1171 634 1229 pm
648 1151 786 1210 dietomm
798 1173 929 1212 vesorum
942 1171 1091 1212 aureorum
1104 1161 1135 1211 st
1147 1160 1346 1229 argenteorum
1358 1161 1502 1210 remsnest

299 1257 329 1307 α
340 1249 501 1326 essignetur
515 1247 680 1308 Elimbethe
699 1248 756 1308 tilie
776 1249 844 1308 dieti
857 1249 995 1310 Willelmi
1013 1257 1044 1308 et
1063 1248 1203 1317 Johnnne,
1228 1249 1252 1306 si
1272 1257 1340 1308 tuno
1359 1257 1501 1326 superstes

297 1345 392 1414 iuuerit,
402 1353 431 1402 et
443 1343 593 1402 heredibus
602 1345 733 1404 msseulis
744 1345 779 1404 ds
792 1365 908 1422 eorpore
918 1345 993 1404 ‹liote
1002 1344 1166 1404 Elisabethe
1176 1345 1312 1421 legittime
1324 1346 1500 1416 exeuntibus,

300 1441 452 1500 reotmdum
474 1441 668 1500 discretionem
688 1450 717 1500 et
736 1442 866 1500 ultimom
886 1443 1059 1500 voluntstem
1078 1441 1152 1500 diets
1171 1440 1303 1502 Johsnne
1322 1441 1430 1518 ubsque
1448 1442 1502 1498 im-

298 1539 443 1614 petieione,
464 1537 668 1614 inquieteoione
690 1557 741 1598 seu
761 1539 919 1616 eelumpnis
939 1539 1013 1597 dicte
1035 1537 1209 1608 Elimbethe,
1229 1537 1366 1596 heredum
1386 1555 1499 1596 euomm

299 1634 345 1691 vel
358 1634 476 1692 oliorum
489 1652 730 1710 quorumcumque
744 1653 841 1692 versus
855 1635 958 1694 dictem
971 1633 1132 1695 Johsnnsm
1145 1633 1181 1692 de
1200 1641 1230 1692 et
1249 1653 1300 1710 pro
1313 1634 1408 1710 eliqus
1421 1643 1500 1711 perte

298 1729 372 1786 diete
398 1727 554 1786 medietatis
580 1746 713 1785 vesorum
735 1729 884 1798 mov-ds,
908 1728 1037 1787 fseiendu
1064 1748 1114 1788 eeu
1137 1731 1319 1806 inposterum
1342 1729 1500 1807 sllegsuds.

301 1825 378 1883 Etsi
391 1823 482 1881 dietum
496 1823 657 1882 Willelmue
670 1823 775 1884 dietem
787 1826 949 1886 Johnnusm
962 1825 1155 1902 supervixerit,
1165 1835 1234 1884 tune
1247 1826 1309 1885 vult
1321 1827 1398 1905 quod
1410 1827 1501 1888 slters

297 1939 362 2000 pers
388 1937 519 1978 vesonum
545 1939 704 1990 aureamin,
730 1931 927 1999 argenteorum
952 1921 1158 1990 deeuretornm,
1181 1932 1210 1982 et
1231 1924 1325 1982 omnis
1347 1923 1403 1984 elis
1425 1924 1499 1984 bono

296 2015 412 2074 mobilis
425 2015 593 2094 ubicumque
613 2016 720 2076 fuerint
738 2019 855 2076 invente
873 2037 923 2095 per
946 2037 1012 2076 euos
1036 2026 1199 2076 executores
1220 2017 1377 2078 vendentur
1390 2029 1419 2078 ot
1432 2039 1498 2080 oum

297 2113 417 2172 denonis
436 2112 501 2170 inde
523 2114 751 2188 provenientibus
775 2133 854 2172 sumu
874 2114 947 2174 huno
967 2115 1094 2174 ultimum
1113 2114 1296 2192 perirnplesnt
1315 2115 1498 2176 voluntatem.

296 2209 369 2268 Item
385 2207 446 2266 vult
458 2215 488 2265 et
500 2208 618 2285 requirit
631 2229 697 2268 euos
710 2221 873 2270 executores
887 2211 963 2289 quod
976 2213 1049 2270 bene
1069 2219 1098 2270 et
1117 2210 1235 2270 honeste
1249 2211 1378 2270 ordinent
1390 2221 1419 2272 et
1432 2232 1497 2290 pro-

295 2307 410 2364 vident
430 2307 576 2363 mutuatim
596 2309 780 2384 oompetentis
799 2309 950 2376 metiente,
963 2309 1120 2387 mune,
1134 2327 1241 2385 pennos
1254 2308 1343 2368 lineos
1356 2329 1389 2368 uo
1403 2312 1497 2370 omnis

292 2403 349 2460 elie
361 2401 518 2458 neeessariu
530 2400 567 2459 sd
581 2403 816 2462 sustenteoiouem
828 2403 906 2462 Petri
919 2403 1062 2483 Hertyng‚
1074 2404 1141 2462 Atle
1153 2403 1307 2474 Bedemsn,
1317 2412 1346 2462 et
1355 2404 1496 2464 Jehsnuis

295 2497 388 2556 Wode
401 2498 555 2575 wantis
567 2499 604 2557 od
616 2500 767 2558 terminum
781 2500 838 2560 vite
851 2520 949 2560 eorum
963 2521 1013 2560 seu
1025 2503 1097 2578 ejus,
1112 2502 1136 2559 si
1150 2510 1218 2560 ome
1238 2502 1266 2560 in
1287 2501 1350 2578 ejus
1370 2501 1495 2580 hospicio

295 2594 354 2652 rint
367 2601 571 2670 permanentes.
611 2592 684 2652 Item
706 2595 768 2652 vult
791 2604 820 2654 et
843 2597 971 2672 assignet
992 2597 1117 2654 esnterio
1140 2615 1190 2654 sue
1210 2605 1308 2656 veeste
1322 2605 1340 2633 “
1351 2597 1495 2675 Philippos

295 2687 486 2748 Chsnnteuie”
521 2707 608 2746 unum
636 2688 835 2748 vestimentum
858 2691 1000 2766 integrum
1021 2690 1056 2748 ds
1075 2691 1182 2748 velvett
1202 2709 1267 2748 eum
1286 2691 1377 2750 eorvis
1399 2711 1496 2770 super-

292 2786 414 2864 operstis
428 2803 493 2843 eum
506 2792 567 2842 toto
579 2793 717 2861 nppsrstu
726 2785 807 2844 elteri
821 2787 1020 2862 pertinenteet
1035 2803 1123 2845 unum
1137 2787 1334 2846 vestimentum
1347 2788 1443 2846 elbum
1458 2789 1494 2848 de

291 2887 397 2943 velvett
410 2901 475 2942 eum
489 2889 550 2940 toto
563 2889 640 2940 seete
653 2881 811 2940 vestimenti
825 2881 908 2950 illius,
922 2890 952 2940 et
971 2901 1107 2958 magnum
1127 2881 1289 2958 psalterium
1309 2901 1415 2942 nevum
1427 2903 1494 2944 eum

290 2981 403 3061 hymnis
416 2989 446 3039 et
458 2979 551 3038 officio
563 2987 749 3038 mortuorum.
792 2977 865 3036 Item
884 2979 1011 3054 resignet
1032 2977 1105 3036 dicte
1125 2978 1257 3037 Centerie
1270 2987 1335 3055 post
1347 2979 1492 3038 ‹leoeesrm

290 3077 365 3135 dioto
377 3075 508 3137 Johunne
520 3093 609 3134 unum
621 3093 726 3134 novum
741 3071 866 3132 Grsdnle
880 3080 909 3131 et
922 3091 1010 3130 unum
1023 3072 1193 3131 turribulum
1206 3081 1379 3150 argenteum.
1418 3074 1492 3134 Item

290 3173 366 3248 leget
389 3172 464 3231 dicte
486 3173 602 3232 eoeleeie
626 3171 661 3230 de
686 3171 859 3248 Denyugton
886 3178 952 3248 post
979 3169 1125 3229 deoeeeum
1147 3170 1220 3230 dieto
1246 3171 1378 3232 Johsnns
1404 3191 1491 3232 unam

289 3284 392 3325 novum
413 3266 577 3341 legendnm
603 3285 655 3343 pro
681 3266 829 3324 enimebus
854 3265 997 3326 iohannis
1026 3263 1139 3343 Philipp
1165 3266 1272 3336 militie,
1300 3266 1436 3326 Willelmi
1462 3278 1491 3326 et

288 3361 421 3425 Johsnne
429 3360 625 3434 predictorum,
635 3369 791 3436 parentum,
802 3361 965 3430 amicorum,
975 3361 1185 3420 benefactorum
1193 3369 1222 3419 et
1232 3361 1356 3419 omnium
1366 3362 1490 3422 fidelium

288 3457 515 3522 detunctorum*
556 3455 630 3512 ltem
644 3455 706 3514 vult
719 3464 748 3512 et
761 3457 888 3532 assignet
903 3465 967 3532 post
986 3457 1131 3515 deoeesum
1152 3457 1226 3516 dicte
1246 3458 1377 3518 Johenne
1397 3461 1492 3520 omnin

285 3639 687 3700 dmm-moonteoteuine,
702 3637 1013 3698 mentitum-‚hume
1024 3639 1331 3702 mughurmuooheuot
1344 3644 1491 3695 wutumor

286 3723 390 3784 Aeque,
409 3722 549 3783 mbpriutsd
570 3721 689 3768 “Aruns''
707 3723 738 3781 by
750 3719 862 3782 Dugdale
877 3720 925 3767 end
943 3719 1056 3780 ‘lennem
1070 3722 1120 3769 end
1136 3723 1178 3770 the
1195 3739 1265 3772 nemo
1281 3727 1309 3774 ot
1324 3727 1366 3776 the
1384 3729 1489 3776 Prienen

286 3805 364 3854 Atinio
376 3803 482 3864 lempitt
491 3803 512 3850 is
521 3817 554 3848 en
564 3801 672 3850 edditlou
682 3807 707 3848 to
718 3801 760 3848 the
775 3799 953 3866 nomeneleture
963 3800 990 3847 ol
997 3801 1029 3848 ite
1038 3801 1156 3862 superiore
1168 3821 1175 3862 ς
1191 3804 1247 3865 they
1258 3820 1320 3852 vere
1331 3807 1487 3858 &uedbtine

285 3901 530 4026 Μῗῦηωοᾰω
539 3963 587 4010 this
596 3976 694 4024 penses
705 3962 766 4010 trum
777 3962 819 4010 the
828 3961 878 4010 vtlt
896 3962 922 4010 in
932 3962 1031 4023 register
1045 3961 1166 4026 Ghiehely,
1184 3977 1207 4025 p.
1218 3962 1277 4023 tel,
1286 3966 1312 4012 in
1323 3967 1394 4028 proot
1407 3968 1435 4015 ot
1448 3967 1486 4016 hie

285 4059 411 4094 erroneous
427 4049 562 4104 ment,
579 4043 632 4091 thot
648 4043 688 4090 Sir
697 4041 764 4092 John
775 4042 884 4104 Pbolipp,
902 4040 998 4103 kntghs,
1011 4056 1059 4088 ves
1075 4043 1154 4094 &ther
1167 4045 1194 4094 ot
1210 4045 1251 4096 eu
1258 4045 1366 4096 Willism
1374 4048 1485 4108 Phelipm
