3930 5088
578 549 640 607 100
936 559 1097 606 caosrcn
1121 559 1297 604 uaronurr
1323 561 1368 604 ar

575 714 651 778 licet
665 713 774 777 nullus
788 733 900 777 eorum
914 712 1030 776 fuisset
1052 711 1221 778 convictus
1235 712 1276 776 de
1291 711 1476 790 homicidio,
1492 711 1654 790 mabanio‚
1670 712 1729 776 vei

578 816 737 882 robberia.
781 816 888 895 Unde,
903 815 1033 900 quidam
1059 815 1237 894 Galiridua
1252 815 1359 881 dietus
1381 816 1421 880 de
1437 813 1624 894 Beveriacm
1647 838 1727 901 par-

580 919 766 997 mentarius,
781 919 856 1004 quia
880 918 914 981 in
938 918 1037 982 domo
1062 939 1121 980 sua
1135 917 1265 1002 quidam
1281 919 1322 982 de
1336 918 1400 982 illis
1414 918 1561 983 malificis
1576 939 1723 983 armave-

577 1032 655 1086 runt
669 1041 715 1100 se,
730 1030 764 1085 et
785 1021 855 1105 ipse
880 1029 1022 1084 armatus
1037 1041 1110 1083 curn
1138 1020 1184 1084 eis
1209 1020 1326 1085 fuisset
1338 1021 1372 1084 in
1398 1021 1543 1106 predicto
1558 1022 1726 1098 conflictu,

577 1124 640 1188 fuit
664 1143 854 1207 suspensus,
869 1143 944 1186 cum
970 1121 1041 1185 aliis
1066 1122 1236 1187 duodecim
1266 1123 1441 1203 indictatis,
1460 1134 1528 1188 tam
1553 1123 1726 1186 aurifabris

549 1245 550 1250 ¹
578 1247 673 1311 quam
700 1223 923 1310 pannentariis
946 1233 980 1288 et
1003 1223 1155 1288 alutariis.
1203 1225 1277 1290 Hoc
1291 1247 1368 1290 vero
1392 1236 1498 1290 totum
1524 1228 1644 1290 iactum
1659 1237 1724 1305 est,

577 1339 616 1392 ut
629 1327 683 1392 alii
698 1349 755 1414 per
774 1329 837 1393 boc
851 1327 1010 1413 perterriti
1026 1327 1102 1390 inde
1118 1339 1270 1413 caperent
1283 1329 1479 1414 exemplum,
1493 1329 1540 1393 ita
1553 1329 1641 1415 quod
1656 1351 1723 1414 pax

580 1431 715 1495 Domini
732 1431 828 1516 Regis
843 1430 885 1495 ab
900 1429 1053 1494 omnibus
1068 1430 1102 1493 in
1119 1431 1261 1496 Civitate
1276 1431 1405 1496 firmius
1420 1433 1656 1498 observaretur.

625 1534 890 1598 ¹Memorandum
900 1533 1082 1618 quodanno
1098 1534 1212 1598 codem
1230 1536 1394 1619 provisum
1404 1536 1466 1600 fuit
1473 1557 1532 1620 per
1541 1535 1723 1600 Dominum

582 1636 701 1720 Regem
729 1647 762 1701 et
785 1636 955 1701 eonsilium
983 1656 1077 1699 suum
1102 1638 1191 1720 quod
1216 1636 1391 1701 Justitiarii
1414 1637 1602 1701 itinerantes
1629 1637 1722 1702 missi

579 1740 717 1804 fuissent·
731 1761 789 1824 per
812 1750 918 1804 toturn
945 1759 1080 1822 regnum
1096 1739 1223 1824 Anglie,
1238 1739 1431 1825 incipientes
1445 1740 1594 1804 itinerare
1609 1741 1721 1804 statim

579 1854 656 1927 pust
669 1843 788 1906 festum
810 1841 919 1906 Sancti
937 1840 1075 1904 Hillarii.

624 1945 766 2009 Nomina
781 1944 804 2009 J
805 1945 1009 2008 ustiariorum
1025 1943 1244 2008 itinerantium
1258 1943 1292 2008 in
1308 1945 1483 2031 provinciis
1498 1943 1699 2031 subscriptis.

668 2045 835 2112 Gilbertus
851 2047 891 2110 de
907 2047 1054 2110 Preston.

665 2145 833 2209 Jobannes
848 2144 879 2209 le
894 2145 1030 2214 Bretun.

665 2247 849 2310 Willelmus
865 2249 905 2312 dc
923 2252 1065 2338 Helyun.

665 2349 833 2413 Jobannes
849 2351 888 2415 de
905 2353 1049 2419 Eketun.

622 2447 1724 2528 westmerland-Northumberland-Cumberlrnd-Ianeastria

577 2549 1069 2643 -Eborum—Notingham-
1079 2561 1211 2648 Dercby
1221 2562 1725 2650 -Warewyk-Leioestria-

579 2653 965 2725 Lineolnia-Roteland.

621 2757 655 2820 N
656 2757 765 2822 ornina
779 2759 802 2825 J
803 2762 1034 2829 ostitiariorum
1050 2765 1083 2830 in
1101 2767 1285 2834 subnotatis
1298 2769 1483 2856 provinciis.

665 2859 844 2928 Nicholaus
860 2867 900 2930 de
914 2868 1031 2954 'Fur-ry.

667 2961 829 3030 Robertus
845 2969 885 3031 de
902 2969 996 3034 Erus·

668 3065 830 3131 Henricus
845 3070 886 3132 de
901 3071 1112 3137 Walcnestra.

666 3167 825 3250 Magister
837 3170 995 3235 Ricardus
1011 3173 1051 3237 de
1067 3175 1195 3241 Stanes.

623 3267 1722 3370 Kent—Middelsex-Surey-—Susexio-Suhampton—-Wiltuns

576 3371 1722 3536 {fDlekvenio—Corrrubia-Essexiu-Hertefordia-Norfolke—

585 3473 656 3536 ”uo
693 3495 721 3537 e.

619 3574 763 3640 Nomina
773 3577 1030 3648 Justitiariorum
1046 3587 1266 3654 itinerantium
1281 3592 1315 3656 in
1328 3592 1520 3680 subscriptis
1536 3593 1722 3679 provinciis.

661 3677 837 3744 Riccardus
853 3682 893 3747 de
910 3684 1107 3754 Middeltun.

659 3780 765 3844 Adam
782 3782 822 3847 de
836 3783 1011 3854 Greinvile.

659 3884 806 3969 Rogerus
819 3888 859 3953 de
875 3889 1085 3958 Messenden.

657 3987 825 4055 Johannes
842 3993 882 4058 de
898 3995 1026 4061 Stroda.

613 4089 1717 4196 Sumersete-—Dorsete—Hercferdia—Gloucestria-Wygornia
