3886 5010
557 592 620 652 228
1031 608 1229 653 srrsumx.

556 759 702 808 voluntstsm
719 774 795 820 susm,
812 761 931 821 provisum
951 767 986 806 est
1004 766 1029 808 st
1047 760 1197 808 concorditer
1214 771 1353 806 concessum
1367 757 1432 819 quod
1450 764 1500 804 tum
1516 756 1617 804 micres
1632 769 1706 818 qusm

556 843 659 889 minores
666 843 787 903 justiciore
798 843 887 890 incisnt
895 851 919 889 ct
925 843 1041 904 recipiant
1049 843 1073 888 in
1082 842 1156 889 Ciuis
1164 841 1261 888 Domini
1271 839 1351 902 Regis,
1360 847 1384 887 ct
1392 840 1473 886 nulius
1479 839 1511 886 de
1518 844 1596 886 cetero
1604 838 1706 886 sitiones

555 932 598 969 sut
609 923 850 970 districtionesiscist
872 936 915 983 per
933 924 1052 983 preprium
1072 923 1217 970 rclnntstem
1235 936 1303 969 susm
1321 923 1412 982 sbsque
1431 921 1619 968 consideratione
1635 922 1708 981 curis

555 1004 654 1050 Domini
666 1003 745 1064 Regis,
757 1004 777 1050 si
788 1005 849 1052 ferte
860 1005 992 1065 mmpnnm
1003 1006 1039 1052 vel
1051 1005 1139 1067 injuris
1148 1005 1194 1052 sibi
1203 1005 1254 1064 det,
1266 1004 1331 1050 unde
1343 1003 1455 1050 emendes
1465 1003 1553 1050 hebere
1563 1002 1665 1050 voluerit
1675 1002 1706 1048 de

555 1083 632 1130 vicino
643 1099 695 1142 suc,
708 1085 757 1130 sive
768 1085 857 1131 mniore
868 1085 905 1131 rei
916 1085 1018 1132 minore.
1053 1084 1132 1145 Super
1145 1084 1247 1131 erticulo
1264 1089 1345 1130 sutem
1364 1082 1500 1144 suprsdiote
1516 1082 1635 1142 provisum
1648 1088 1708 1130 essct

555 1161 601 1226 (et)
617 1178 754 1210 concessum
771 1171 799 1211 ιιι
809 1165 829 1210 si
838 1166 891 1225 quis
908 1166 939 1212 de
949 1171 1027 1212 cetero
1043 1166 1159 1213 ultionem
1175 1163 1313 1226 hujusmodi
1329 1164 1407 1224 ospist
1421 1177 1465 1223 per
1478 1161 1624 1209 minum
1637 1170 1706 1209 susm

555 1245 674 1306 propriam
692 1247 744 1292 sine
759 1247 947 1294 consideretione
958 1247 1031 1294 Curio
1043 1246 1142 1296 Domini
1163 1245 1235 1308 Regis
1251 1252 1275 1293 et
1291 1246 1348 1292 inde
1363 1246 1526 1301 conrincston
1537 1243 1652 1303 penistnr
1662 1255 1705 1305 per

555 1327 750 1386 redemptionem,
761 1333 785 1374 ct
795 1326 842 1375 hoc
851 1329 985 1376 anundum
996 1330 1155 1389 qusntitstem
1166 1328 1254 1376 delicti.
1281 1327 1313 1374 Et
1322 1327 1343 1373 si
1353 1339 1426 1386 super
1435 1325 1540 1372 ricinum
1551 1339 1623 1372 snum
1634 1325 1705 1373 notet

556 1407 713 1454 districtiones
731 1408 782 1454 sine
798 1409 987 1455 consideretione
1002 1410 1082 1466 crisie,
1099 1417 1143 1469 por
1160 1407 1225 1468 quod
1243 1408 1376 1468 dompnum
1391 1406 1486 1462 bsbcst,
1497 1405 1612 1465 punistur
1621 1408 1706 1454 eodem

555 1489 626 1535 modo
643 1495 667 1536 et
683 1489 728 1536 hcc
745 1491 877 1536 secundum
895 1490 976 1537 delicti
995 1490 1153 1552 qusiitstem;
1173 1495 1198 1536 st
1216 1488 1385 1535 nichilominus
1402 1488 1461 1534 iisnt
1479 1487 1580 1534 crnsnde
1596 1488 1667 1549 piene
1683 1493 1708 1536 ct

555 1569 697 1615 sufficientes
707 1570 749 1626 eis,
760 1569 802 1629 qui
814 1570 945 1629 dompnum
955 1570 1112 1616 sustinuerint
1123 1583 1165 1630 per
1176 1569 1313 1630 istiusmodi
1325 1568 1492 1616 districtiones.

590 1651 678 1697 Nullus
688 1651 785 1711 insuper
795 1651 871 1697 msior
881 1652 917 1698 rei
928 1653 1007 1698 minor
1020 1652 1147 1712 distnnget
1160 1651 1265 1710 siiquem
1281 1651 1312 1696 sd
1324 1650 1469 1697 veniendum
1479 1650 1510 1697 sd
1521 1650 1619 1697 Ourism
1629 1663 1705 1706 susmr

556 1733 598 1793 qui
612 1747 660 1779 non
677 1733 707 1779 sit
723 1734 754 1779 de
766 1733 835 1779 feodo
845 1747 889 1779 suo
899 1741 942 1780 sut
952 1747 1023 1794 super
1030 1735 1108 1794 ipsum
1123 1734 1209 1780 bsbsst
1216 1732 1337 1793 inrisdioti
1352 1727 1356 1795 i
1371 1745 1440 1779 onem
1451 1745 1495 1792 per
1505 1731 1658 1778 hundredum
1669 1731 1707 1778 rei

555 1814 733 1874 bellicumque
747 1829 791 1860 sus
807 1816 856 1872 sit;
872 1821 896 1862 et
913 1817 955 1876 qui
972 1821 1055 1862 contre
1065 1815 1147 1862 fecerit
1162 1815 1277 1876 puniatur
1293 1815 1378 1861 eodem
1395 1814 1467 1860 modo
1477 1821 1502 1860 ct
1512 1813 1557 1861 hoc
1573 1815 1707 1861 secundum

555 1895 636 1943 delicti
654 1897 819 1957 quentitstem.
861 1897 888 1944 si
906 1898 961 1958 quis
976 1903 1058 1945 sutem
1076 1898 1152 1944 msicr
1170 1897 1207 1944 vni
1224 1897 1303 1943 minor
1319 1895 1456 1956 permittere
1473 1895 1534 1943 nolit
1551 1895 1647 1943 liberto
1664 1906 1708 1956 per

554 1978 674 2025 ministros
685 1978 783 2039 Domini
795 1969 876 2040 Regis,
885 1986 910 2027 et
917 1979 1050 2027 secundnm
1061 1979 1138 2041 legem
1149 1984 1173 2025 st
1183 1979 1381 2026 consuetudinem
1391 1978 1467 2037 regni,
1478 1977 1637 2025 districtiones
1647 1987 1708 2038 quss

556 2057 652 2116 iecerit;
668 2065 711 2107 sut
721 2062 792 2107 etism
803 2061 823 2106 si
833 2061 948 2107 sustinere
960 2061 1064 2108 noluerit
1072 2060 1223 2108 uecudoncs
1236 2058 1348 2119 judicum
1359 2057 1431 2104 Ourie
1448 2057 1547 2105 Domini
1562 2057 1636 2120 Regis
1645 2059 1706 2116 fleri,

555 2145 599 2185 snt
616 2140 688 2186 etism
705 2141 820 2188 sustinere
840 2141 942 2188 noluerit
959 2141 1155 2188 summonitiones
1169 2146 1193 2187 et
1208 2137 1392 2186 ettsohismcntn
1408 2137 1461 2184 fleri
1479 2138 1613 2186 secundnm
1630 2139 1707 2200 legem

556 2227 580 2268 et
589 2224 785 2271 consuetudinem
796 2224 873 2284 regni,
884 2225 998 2284 punistnr
1012 2225 1083 2272 mode
1094 2223 1209 2286 predicto,
1220 2228 1335 2282 tannsm
1345 2235 1371 2268 se
1379 2221 1498 2282 iusticisri
1508 2237 1557 2269 non
1568 2223 1707 2282 permittent

557 2309 581 2348 et
591 2301 636 2348 hoc
647 2304 780 2350 secuudum
791 2304 872 2351 delicti
884 2306 1051 2365 quentitstsm.

590 2383 660 2439 Quod
680 2385 699 2430 si
716 2386 770 2444 quis
786 2389 866 2430 sutem
882 2386 957 2431 meior
969 2386 1005 2432 rel
1021 2387 1100 2432 minor
1113 2383 1271 2430 &mindense
1281 2382 1359 2428 heere
1369 2393 1441 2441 supet·
1450 2387 1571 2428 tenentem
1582 2397 1652 2430 snum
1663 2399 1707 2445 pro

557 2463 656 2509 servitiis
666 2469 709 2508 snt
720 2463 993 2523 consuetudinibusque
1003 2464 1049 2510 sibi
1060 2463 1142 2510 deberi
1153 2463 1217 2508 diost
1228 2463 1265 2509 rei
1275 2477 1320 2522 pro
1330 2475 1356 2509 re
1365 2462 1447 2518 sitern
1454 2463 1521 2508 unde
1531 2463 1562 2508 sd
1575 2463 1707 2513 Dominum

557 2543 620 2590 feodi
632 2544 748 2603 pertinent
758 2544 835 2590 iscers
846 2543 1011 2601 districtiones,
1027 2549 1050 2590 et
1067 2552 1148 2604 pestes
1162 2542 1318 2589 convincetur
1328 2542 1393 2602 quod
1404 2548 1489 2589 tenens
1500 2544 1552 2604 ejus
1562 2557 1590 2590 ee
1600 2544 1644 2591 sibi
1657 2559 1707 2594 non

558 2625 659 2682 debsst;
675 2639 723 2672 non
735 2625 789 2672 ideo
799 2625 914 2685 punietur
925 2625 1042 2672 Dominus
1052 2639 1095 2687 per
1106 2625 1300 2685 redemptionem,
1315 2627 1377 2672 sicut
1388 2626 1413 2670 in
1422 2625 1515 2672 ceribus
1525 2627 1676 2688 snprsdictis,
1687 2631 1707 2676 si

558 2707 679 2767 pei-mittet
696 2706 853 2754 districtiones
871 2706 966 2754 libersri
982 2707 1116 2754 mundum
1131 2707 1209 2769 legem
1226 2711 1250 2752 st
1267 2706 1464 2753 consuetudinum
1486 2709 1562 2769 regni,
1578 2709 1621 2755 sed
1632 2723 1708 2756 emer*-

557 2788 641 2844 cietnr‚
649 2789 719 2835 velud
727 2789 899 2836 brotenrssiieri
906 2787 1293 2848 consueveritsttsnensdsmpns
1301 2803 1344 2835 sus
1352 2788 1422 2849 plene
1428 2795 1552 2850 recuperet
1559 2803 1638 2837 versus
1644 2805 1707 2840 sumt

591 2869 679 2915 Nullus
696 2869 727 2915 ds
743 2875 821 2916 cetero
841 2868 928 2917 ducere
946 2871 1016 2918 meist
1027 2870 1194 2928 districtiones,
1210 2885 1270 2930 ques
1281 2871 1364 2917 iecerit
1374 2875 1442 2917 oros
1453 2863 1598 2917 Oomitstnm
1613 2871 1639 2917 in
1659 2887 1708 2932 quo

559 2951 629 3008 flunt,
640 2957 664 2997 st
675 2952 694 2998 si
704 2953 794 2999 vicinus
805 2952 850 2999 hoc
861 2953 944 2999 fecerit
954 2967 1025 3013 supre
1035 2952 1139 2999 vicinum
1150 2965 1221 2997 suum
1228 2965 1272 3011 per
1279 2951 1428 2998 voluntstem
1435 2965 1504 2998 ιιιιιιι
1514 2957 1539 2998 et
1548 2952 1600 2998 sine
1607 2953 1708 3012 judicio,

560 3033 675 3091 puniatur
692 3045 735 3091 per
752 3031 948 3092 redemptionem,
967 3037 995 3079 ut
1013 3045 1093 3092 supro,
1104 3031 1177 3077 veluti
1188 3031 1218 3077 ds
1229 3045 1255 3078 re
1265 3037 1349 3078 contre
1362 3045 1453 3092 pscsmt
1487 3031 1673 3092 Verumptsmen
1687 3035 1708 3081 si

561 3112 679 3158 Dominus
689 3112 735 3159 hcc
745 3123 818 3173 suprs
826 3118 947 3160 tenentem
957 3127 1028 3159 suum
1039 3113 1116 3160 iecere
1126 3114 1302 3172 presumpserit,
1313 3112 1442 3173 castigetur
1456 3125 1499 3173 per
1512 3126 1608 3173 gruem
1618 3113 1708 3161 miseri²

561 3193 674 3240 cordiam.

595 3273 759 3320 Distu-ictioucs
776 3273 873 3335 insuper
889 3274 938 3321 sint
948 3273 1099 3321 retionnbiles
1115 3277 1140 3320 st
1158 3286 1206 3319 non
1218 3271 1289 3318 nimis
1307 3285 1407 3334 gressu
1423 3273 1477 3320 etsi
1488 3273 1542 3334 quis
1552 3273 1710 3323 dbtrietiones

562 3354 644 3402 iecerit
654 3354 826 3401 irretionnbiles
835 3361 860 3402 ct
870 3354 996 3412 indebitos,
1007 3355 1110 3416 graviter
1124 3355 1266 3402 emercietur
1280 3358 1377 3415 propter
1395 3368 1517 3402 sucessum
1533 3356 1709 3406 dencuonum

562 3437 673 3496 ipserum.

596 3516 685 3576 Magne
701 3517 772 3564 Certe
791 3518 816 3564 in
833 3518 933 3580 singuiis
950 3518 999 3564 suis
1015 3523 1133 3576 tenatur,
1148 3523 1198 3565 tun
1209 3518 1235 3564 in
1246 3517 1292 3564 hiis
1303 3531 1350 3578 qne
1360 3516 1392 3564 sd
1404 3516 1495 3578 Restm
1506 3519 1626 3578 pertinent
1636 3533 1710 3580 qusm

470 3646 479 3661 ο
563 3597 594 3644 ed
605 3597 670 3654 nlius,
679 3605 702 3644 et
711 3598 755 3645 hoc
762 3596 905 3647 Justicinriis
912 3600 1078 3647 itinerantibus
1088 3601 1136 3648 suis
1146 3607 1170 3648 et
1179 3591 1364 3648 vicecomitibus
1373 3599 1399 3645 in
1414 3595 1419 3662 Ι
1432 3600 1481 3646 suis
1487 3599 1645 3658 cemitstibrus,
1653 3615 1710 3648 cnm

564 3693 623 3740 opus
633 3677 712 3736 inerit,
724 3678 899 3737 demendam
915 3685 939 3726 et
957 3681 1037 3726 brevis
1048 3693 1128 3729 versus
1144 3695 1184 3728 ecs
1201 3682 1244 3741 qui
1259 3681 1450 3729 contremuerint
1465 3681 1538 3740 gnus
1548 3681 1711 3730 concedentur

563 3773 643 3808 eornm
660 3757 724 3819 Rege
741 3757 778 3805 vel
796 3771 875 3804 coram
893 3760 970 3806 bsnco
988 3759 1025 3806 eei
1044 3774 1124 3808 corsm
1140 3761 1284 3809 Justioisn'is
1301 3761 1476 3817 itinerantibus,
1492 3773 1547 3806 cum
1559 3761 1667 3810 venerint
1683 3763 1709 3812 in

651 3838 709 3884 illes.

562 3847 691 3968 Ιωἰζῗιιὶἱι
700 3923 781 3965 sutem
793 3917 835 3978 qui
846 3917 1014 3980 primogenitos
1022 3924 1046 3966 et
1053 3919 1153 3966 heredes
1162 3933 1217 3966 suos
1228 3918 1290 3965 inire
1301 3923 1387 3965 etstem
1398 3919 1525 3968 existentes
1535 3920 1623 3969 teodure
1633 3923 1711 3974 olent

564 4003 594 4051 de
605 4001 735 4048 hereditate
746 4013 789 4046 sus
799 4005 827 4045 nt
838 4013 880 4060 per
891 4000 936 4047 boc
946 4000 1082 4047 emitterent
1093 3999 1216 4046 isodorum
1228 3999 1326 4046 Domini
1337 4001 1456 4048 custodies
1466 4016 1528 4061 susc,
1544 4004 1664 4066 provisum
1675 4010 1711 4054 cst

562 4084 711 4133 concorditer
720 4088 745 4130 st
753 4096 891 4130 cononum
902 4087 930 4130 ut
940 4082 1061 4131 occesicne
1070 4081 1207 4146 hujusmodi
1226 4080 1363 4130 innuenti
1374 4082 1456 4132 nulius
1467 4084 1580 4147 Gspitsiis
1591 4085 1710 4134 Dominus

560 4165 694 4214 custodism
703 4179 772 4213 susm
782 4165 882 4214 emittet
