3898 5022
432 505 514 570 cxcii
955 526 1133 570 astraea.

432 677 482 753 ing
495 695 545 735 son
560 676 594 735 of
603 675 656 736 her
669 677 816 755 daughter,
830 677 894 736 srho
907 678 983 737 from
996 677 1053 738 this
1066 679 1134 737 time
1147 677 1215 736 bore
1228 677 1277 736 the
1291 677 1353 736 title
1365 678 1398 736 of
1417 676 1496 736 Lord
1511 677 1636 747 Barduli,

430 775 516 852 being
529 775 598 833 then
610 776 640 834 in
653 776 702 834 the
716 777 835 855 custody
848 777 883 836 of
898 776 943 835 his
955 776 1057 846 father,
1072 776 1136 834 srho
1150 775 1277 835 received
1296 775 1347 836 the
1365 777 1454 834 issues
1467 776 1526 834 and
1537 777 1637 854 protits

431 872 535 948 during
548 871 597 929 the
609 871 752 951 minority.
793 873 828 932 ln
841 873 927 950 procf
946 871 1010 932 that
1032 872 1089 932 this
1112 874 1290 952 bamnysras
1314 881 1451 932 atenure
1471 873 1500 931 in
1520 874 1574 942 tea,
1588 873 1639 932 the

430 969 575 1046 following
595 968 714 1040 charter,
739 971 873 1048 granting
896 969 945 1029 the
967 971 1099 1050 royalties
1122 979 1153 1030 to
1173 971 1222 1028 the
1241 971 1337 1030 father
1358 970 1415 1030 and
1437 991 1491 1030 ron
1509 971 1537 1029 in
1563 971 1636 1030 their

431 1067 583 1144 respective
600 1067 752 1137 demeanes,
775 1087 841 1146 may
858 1067 895 1125 be
918 1066 1052 1134 adduoed,
1074 1066 1165 1125 which
1190 1066 1214 1126 is
1237 1067 1361 1126 inserted
1383 1087 1422 1125 on
1444 1068 1493 1126 the
1516 1067 1585 1126 Roll
1606 1067 1640 1126 of

432 1165 567 1224 Charters
581 1164 615 1223 of
635 1167 685 1224 the
704 1166 776 1225 atu
797 1184 864 1244 year
877 1164 911 1224 oi
930 1165 979 1224 the
1000 1165 1078 1242 reign
1098 1166 1133 1223 oi
1153 1163 1255 1242 Henry
1270 1165 1324 1222 vl.
1344 1163 1433 1222 under
1446 1163 1495 1222 the
1514 1162 1638 1241 hesding

430 1267 448 1298 ‘⁴
464 1262 521 1320 Pro
534 1261 667 1320 Johanne
681 1261 853 1320 vicecomite
866 1261 901 1320 de
916 1261 1073 1320 Beuumont
1085 1269 1115 1318 et
1129 1260 1272 1318 Willelmo
1287 1259 1400 1318 domino
1413 1258 1448 1318 de
1463 1259 1606 1318 Bardolf.”

472 1366 491 1394 “
506 1358 570 1417 Rex
592 1359 828 1438 Archiepisoopis,
854 1357 1010 1436 Episcopia,
1034 1362 1085 1416 dc.
1106 1357 1235 1418 odotem.
1276 1355 1377 1416 Sciatis
1396 1356 1473 1434 quod
1491 1356 1525 1414 de
1543 1357 1635 1434 gratia

430 1461 528 1513 nostra
542 1455 656 1531 speciali
669 1474 703 1512 ao
716 1473 749 1512 ex
764 1463 840 1513 certa
855 1454 970 1513 scicntia
982 1462 1011 1511 et
1023 1473 1101 1512 mero
1114 1461 1194 1511 motu
1207 1453 1311 1510 nostris
1324 1453 1512 1510 concessimus
1525 1451 1633 1512 dilectis

432 1551 645 1628 consanguineis
656 1552 759 1610 nostris
770 1551 896 1612 Johanni
907 1549 1070 1609 Vioecomiti
1084 1548 1119 1608 de
1133 1549 1290 1608 Besumont
1303 1555 1332 1605 et
1342 1546 1486 1606 Wiilelmo
1500 1547 1557 1606 tilio
1571 1567 1632 1618 suo,

431 1646 544 1705 domino
557 1647 592 1704 de
606 1647 734 1717 Bardolf,
755 1647 833 1723 quod
845 1649 898 1724 ipss
912 1654 941 1705 et
954 1656 1073 1724 uterque
1086 1663 1183 1704 eorum
1202 1643 1319 1703 heredes
1332 1652 1362 1702 et
1379 1645 1513 1720 assignati
1527 1646 1570 1704 sui
1583 1665 1634 1723 per

431 1742 550 1801 ballivos
571 1762 636 1801 suos
657 1742 703 1801 vel
721 1742 855 1802 ballivum
874 1761 957 1802 suum
979 1743 1183 1819 imperpetuum
1204 1740 1325 1799 habeant
1348 1739 1461 1816 plenum
1488 1749 1635 1802 returnum

430 1840 555 1898 omniurn
568 1846 597 1897 et
610 1838 835 1896 omnimodorum
848 1838 977 1897 brevium
994 1841 1055 1906 dc„
1070 1845 1232 1896 nostrorum
1245 1836 1380 1895 heredum
1399 1845 1428 1896 et
1441 1855 1634 1896 suceessorum

430 1945 592 1996 nostrorum
618 1955 652 1994 ac
676 1954 916 2012 quorumcumque
940 1935 1161 2012 justitiariorum
1182 1939 1243 2004 nc„
1265 1935 1471 2011 emergentium
1492 1954 1543 1994 seu
1568 1954 1632 1993 ere·

429 2035 604 2111 quendorum
614 2034 697 2102 inira,
708 2033 743 2091 de
753 2032 798 2091 vel
809 2053 893 2111 super
903 2034 997 2092 omnia
1006 2041 1109 2102 castra,
1120 2031 1251 2101 dominia,
1263 2032 1395 2100 maneria,
1409 2041 1499 2090 terras
1512 2041 1541 2092 et
1554 2041 1633 2092 tene·

429 2139 533 2198 menta
557 2129 642 2189 feoda
664 2139 695 2188 et
718 2131 835 2188 servicia
857 2148 909 2188 sua
931 2147 996 2187 cum
1017 2128 1147 2186 omnibus
1171 2128 1229 2186 suis
1252 2126 1435 2203 pertinentiis,
1449 2127 1524 2186 unde
1547 2129 1632 2188 iidem

427 2225 572 2284 lohannes
584 2224 747 2284 Vieeeomes
759 2233 789 2284 et
801 2225 958 2284 willelmus
972 2223 1143 2301 conjunctim
1154 2241 1203 2281 seu
1217 2221 1366 2300 seperatim
1383 2240 1432 2278 seu
1445 2222 1546 2299 aliquis
1558 2224 1630 2284 alius

429 2325 466 2382 ad
479 2343 563 2382 usum
574 2342 672 2382 eorum
686 2342 735 2380 seu
747 2323 863 2382 alterius
876 2341 973 2381 eorum
984 2320 1072 2380 scisiti
1085 2322 1209 2380 existunt
1222 2320 1268 2379 rel
1281 2321 1391 2380 asisium
1401 2321 1503 2391 existit,
1516 2322 1562 2381 sel
1574 2341 1633 2400 que

428 2422 512 2480 iidem
533 2420 679 2480 lohannes
701 2421 863 2479 lhoecomes
884 2427 915 2478 et
938 2419 1099 2478 Willelmus
1124 2439 1174 2478 seu
1198 2419 1269 2478 alter
1288 2437 1385 2476 eorum
1403 2419 1438 2478 de
1465 2428 1559 2480 cetero
1579 2441 1630 2498 per

429 2519 593 2578 desoemm
606 2519 805 2577 hereditarium
819 2537 869 2578 seu
882 2518 917 2576 de
929 2518 1083 2595 perquisito
1096 2516 1239 2577 habebunt
1258 2536 1307 2575 seu
1321 2517 1392 2576 alter
1405 2537 1503 2576 eorum
1515 2519 1631 2580 habebit

427 2618 504 2676 infra
517 2619 665 2676 comitatus
679 2617 834 2685 Linoolnie.
849 2615 1019 2696 leycestrie,
1040 2623 1070 2674 et
1084 2614 1246 2683 Nord'olcie,
1267 2634 1375 2674 necnon
1389 2617 1545 2676 incivitate
1559 2618 1630 2676 Lin-

427 2716 526 2786 oolnie,
547 2725 606 2774 tam
618 2716 656 2774 ad
669 2725 773 2775 sectam
792 2725 917 2774 nostram
935 2719 987 2773 do.
1013 2731 1098 2790 quam
1112 2713 1149 2772 sd
1168 2722 1274 2772 sectam
1291 2714 1405 2772 alterius
1428 2717 1629 2794 cujuscunque,

427 2819 489 2882 dc,
502 2821 532 2873 et
544 2811 717 2871 omnimodas
727 2811 904 2870 executiones
918 2811 1043 2868 omnium
1056 2818 1084 2867 et
1093 2809 1267 2886 singulorum
1276 2810 1411 2880 brevium,
1421 2812 1628 2881 mendatorum,

425 2913 564 2980 hillarum,
586 2919 790 2988 preceptorum,
812 2917 842 2967 et
855 2917 1042 2967 carentorum
1063 2915 1235 2966 nostrorum.
1276 2907 1316 2966 Et
1338 2908 1415 2986 quod
1437 2909 1530 2967 nullus
1546 2909 1631 2968 Vice-

424 3029 517 3068 comes
534 3013 586 3068 tio.
628 3009 675 3066 Ac
688 3007 773 3066 etiam
786 3007 927 3082 propriam
941 3006 1082 3081 prisonam
1097 3024 1145 3062 seu
1156 3004 1268 3081 gaolam
1281 3025 1360 3064 suam
1375 3005 1449 3064 infra
1462 3012 1585 3064 castrum
1598 3015 1628 3065 et

426 3107 581 3166 dominium
609 3123 691 3162 suum
726 3103 760 3162 de
789 3102 978 3178 Folkingham
1004 3102 1034 3158 in
1061 3102 1195 3159 comitatu
1218 3102 1362 3161 Linoolnie
1385 3103 1464 3161 etin
1484 3113 1578 3162 castro
1598 3113 1629 3164 et

427 3203 549 3262 dominio
563 3219 615 3258 suo
628 3199 663 3256 de
677 3197 852 3276 Whittewylr
876 3199 908 3256 in
925 3198 1059 3255 comitatu
1082 3196 1251 3276 Leyeestrie,
1273 3218 1381 3257 nemon
1403 3200 1433 3258 in
1454 3201 1578 3260 manerio
1598 3208 1627 3258 et

425 3298 549 3357 dominio
562 3315 613 3355 suo
627 3295 662 3356 de
675 3296 840 3372 Wirmegay
854 3294 883 3352 in
896 3295 1029 3353 comitatu
1044 3294 1204 3366 Norffolcie,
1224 3297 1262 3355 ad
1281 3297 1392 3355 libitum
1411 3306 1441 3356 et
1454 3297 1627 3357 voluntatem

425 3397 550 3474 ipsorum
576 3392 725 3462 Johanuis,
747 3391 886 3451 Willelmi
911 3401 940 3452 et
966 3392 1101 3452 heredum
1128 3413 1251 3454 suorum.
1303 3396 1349 3453 Ac
1376 3394 1461 3453 edem
1489 3414 1625 3454 wreocum

425 3493 512 3551 maris
538 3496 591 3550 &c
645 3490 680 3548 ln
709 3490 790 3567 cujus
823 3491 866 3548 rei
890 3494 943 3549 tao.
1004 3489 1071 3548 Hiis
1102 3491 1229 3558 testibus,
1268 3490 1473 3550 venerabilibus
1500 3493 1626 3568 patribus

425 3588 591 3670 J(ohanue)
611 3586 818 3664 archiepiscopo
839 3586 1045 3656 cantuariensi,
1066 3585 1154 3644 totius
1172 3585 1278 3662 Anglie
1297 3587 1425 3662 primate,
1449 3587 1625 3648 Cancellario

424 3697 530 3757 nostro,
552 3684 728 3766 W(illelmo)
749 3686 957 3766 Wyntoniensi,
979 3679 1199 3763 M(armaduco)
1228 3683 1407 3754 Karliolensi,
1436 3685 1625 3746 Thesaurario

423 3794 522 3844 nostro
557 3785 670 3862 hughe,
711 3785 856 3861 episeopis,
906 3783 1057 3842 carissimis
1099 3783 1314 3858 consanguineis
1353 3783 1465 3850 nostrie,
1502 3782 1627 3844 Ricardn

425 3883 549 3943 Eboraci
560 3891 589 3941 et
601 3882 744 3941 Willelmo
767 3881 906 3950 Suffolcie,
925 3880 1079 3940 camerario
1100 3887 1198 3937 nostro
1212 3877 1326 3954 Anglie,
1349 3878 1476 3948 ducibus,
1497 3879 1624 3938 Henrioo

424 3979 627 4042 Nerthumbrie
636 3985 665 4037 et
676 3978 787 4038 Thema
798 3977 927 4037 Deionis
936 3976 1093 4045 comitibus,
1101 3994 1209 4034 necnon
1223 3975 1330 4033 dilectis
1340 3985 1369 4032 et
1379 3975 1506 4033 fidelibus
1520 3976 1628 4034 nostris

424 4077 575 4157 liudulpho
590 4075 704 4138 Boteler
716 4074 832 4136 dominu
850 4073 889 4133 de
907 4071 1028 4153 Sudeley
1049 4072 1201 4132 senescallo
1223 4071 1340 4149 hospicii
1361 4072 1459 4143 nostri,
1473 4081 1502 4131 et
1514 4070 1627 4140 Jacobs
