3956 5022
551 583 596 643 20
917 595 1082 643 cnonros
1106 594 1283 644 unionum
1308 597 1355 642 su

638 747 796 814 Rieurdus
811 747 942 816 Pikurd.

637 853 806 920 Johsnnes
822 854 863 918 de
877 853 1121 940 Norhsmpton.

595 957 670 1024 Hoc
691 979 778 1023 enno
801 957 853 1023 die
876 955 1013 1023 Veneris
1036 963 1114 1040 post
1135 953 1318 1043 prandium,
1344 953 1475 1038 scilieet,
1500 954 1627 1024 decimo
1648 955 1704 1024 die

550 1059 717 1142 Octobris,
727 1061 871 1126 excrevit
884 1080 967 1144 equs
981 1057 1123 1124 Tomisie
1138 1058 1316 1124 ascendens
1328 1057 1433 1138 altior,
1444 1081 1542 1144 quum
1555 1082 1702 1146 unquam

549 1164 627 1230 fecit
640 1162 844 1249 temporibus
858 1161 990 1228 nostris.
1033 1161 1161 1227 Eodem
1176 1181 1262 1226 enno
1276 1161 1382 1226 tectus
1397 1172 1448 1227 est
1459 1163 1567 1228 Maior
1576 1162 1702 1230 Nicho-

548 1265 619 1332 leus
643 1267 718 1344 Bet,
741 1275 775 1331 et
796 1265 830 1330 in
855 1264 996 1330 erectim
1025 1272 1230 1349 presentatus
1257 1263 1441 1328 Batonibus
1467 1265 1508 1330 de
1533 1264 1703 1332 Smeourio

549 1370 637 1455 opud
651 1367 990 1446 westmonasterium,
1004 1378 1038 1432 et
1044 1368 1173 1452 juretus
1183 1374 1216 1432 et
1224 1365 1397 1446 admissus,
1412 1366 1497 1434 sieut
1510 1388 1702 1433 concessum

550 1480 601 1537 est
615 1471 751 1537 Civibus
766 1491 825 1557 per
839 1478 959 1536 curtem
975 1468 1111 1534 Domini
1137 1469 1249 1555 Regis,
1274 1468 1315 1533 de
1334 1489 1398 1554 qus
1412 1468 1535 1535 mentio
1551 1468 1701 1554 superius

549 1574 634 1638 fectu
648 1586 699 1640 est
711 1573 746 1638 in
757 1574 821 1638 hoc
834 1572 953 1638 rotulo.
998 1571 1075 1638 Hoc
1085 1593 1171 1638 enno
1180 1571 1265 1638 circs
1274 1571 1395 1637 festum
1407 1568 1518 1636 Sancti
1528 1569 1702 1636 Michaelis

550 1684 710 1741 statutum
731 1683 783 1741 est
801 1696 861 1761 per
873 1673 1060 1740 universum
1077 1673 1306 1753 Communem,
1320 1671 1409 1757 quod
1423 1671 1549 1737 Ballivs
1562 1671 1603 1738 de
1616 1671 1702 1738 Vico

550 1779 664 1844 Pontis
679 1789 713 1844 et
728 1778 768 1844 de
783 1778 867 1863 Ripa
882 1777 1016 1864 Regine‚
1031 1799 1128 1862 quem
1142 1786 1238 1843 antee
1252 1773 1400 1842 solebant
1414 1775 1498 1840 trudi
1506 1775 1547 1840 ed
1561 1774 1702 1854 firmum,

549 1890 683 1946 teneant
696 1881 891 1967 quicumque
905 1880 1025 1946 crerint
1039 1879 1265 1958 vicecomites,
1279 1878 1436 1944 reddendi
1456 1877 1533 1944 inde
1553 1877 1700 1944 Domino

549 1983 632 2070 Regi
645 1984 668 2048 l.
682 1982 782 2048 libres
796 2005 1002 2069 perannum,
1016 1993 1051 2048 et
1071 1982 1226 2069 hospitali
1246 1980 1359 2046 Sancti
1380 1980 1490 2067 Egidii
1510 1980 1556 2046 lx.
1576 1980 1698 2047 solidos

549 2095 584 2152 et
595 2086 779 2151 Commune
790 2083 940 2150 Civitatis
951 2084 1050 2150 xxvii.
1064 2084 1174 2152 libres.
1218 2083 1294 2150 Hoc
1305 2104 1391 2150 enno
1403 2093 1563 2150 stututum
1577 2092 1629 2149 est
1641 2105 1703 2170 per

551 2188 781 2266 Communem
795 2208 837 2252 ne
852 2185 967 2272 aliquis
983 2187 1024 2252 de
1041 2185 1190 2252 libertate
1204 2186 1345 2254 civitatis
1359 2186 1417 2252 de't
1430 2186 1471 2253 de
1486 2197 1594 2254 cetero
1608 2208 1702 2252 sesn-

548 2289 678 2375 vsgium
693 2289 734 2355 de
747 2288 862 2354 bestiis
877 2290 945 2354 suis
959 2289 1100 2355 venditis
1121 2289 1156 2354 in
1179 2311 1294 2374 cumpo
1316 2289 1359 2354 de
1379 2288 1590 2369 Smethefeld,
1604 2287 1701 2354 sicuti

350 2434 366 2466 a
395 2419 438 2468 ,e
549 2404 645 2458 antea
658 2391 807 2457 consueti
820 2391 961 2458 fuerunt.
1008 2391 1083 2457 Hoc
1102 2414 1190 2458 enno
1211 2393 1295 2459 circu
1318 2392 1593 2478 quadragesimam
1614 2391 1702 2458 vice-

549 2517 659 2561 comes
690 2493 885 2580 Myddelsex
913 2515 973 2578 per
995 2504 1186 2580 preceptum
1215 2494 1351 2562 Domini
1375 2495 1474 2581 Regis
1498 2494 1577 2562 tecit
1601 2495 1700 2560 diri-m

550 2615 664 2660 omnes
678 2592 821 2678 gurgites
833 2601 956 2657 stantes
969 2613 1028 2678 per
1043 2602 1147 2658 totum
1160 2594 1336 2662 Tumisium
1347 2619 1463 2664 versus
1477 2597 1701 2679 occidentem

549 2707 629 2761 tunc
644 2694 801 2781 temporis
823 2693 916 2780 plum
930 2697 1020 2775 retis,
1036 2719 1098 2782 que
1112 2697 1247 2762 fuerunt
1259 2698 1398 2781 inutilis,
1413 2710 1556 2768 memstu
1569 2701 1706 2768 fuenmt

551 2801 584 2864 in
600 2800 790 2884 Westchep.
825 2798 943 2865 Postee
953 2811 1030 2866 ente
1041 2801 1269 2869 Pentecostern
1285 2801 1503 2870 Vmeoomites
1514 2804 1703 2871 Londonie-

550 2926 635 2984 rum,
649 2903 725 2988 quis
740 2923 822 2987 uque
841 2901 983 2970 Tamisie
998 2905 1140 2990 pertinet
1159 2906 1202 2973 ud
1215 2905 1417 2987 Londonim,
1430 2929 1490 2994 per
1510 2917 1701 2994 preceptum

551 3007 686 3073 Domini
697 3005 795 3090 Regis
805 3005 991 3072 dirruerunt
1001 3029 1116 3074 omnes
1126 3008 1208 3073 ulios
1218 3006 1363 3094 gurgites
1372 3029 1391 3072 e
1400 3007 1583 3072 Londoniis
1597 3028 1702 3092 usque

551 3110 592 3174 ed
608 3131 706 3174 mure.
750 3107 876 3172 Eodem
903 3131 1000 3190 enno,
1013 3109 1168 3176 vicesimo
1189 3131 1278 3175 nono
1302 3108 1354 3174 die
1371 3108 1464 3188 Maii,
1479 3107 1623 3176 Domine
1637 3110 1703 3174 Re-

550 3212 626 3296 gine
647 3209 759 3295 posuit
784 3231 819 3274 se
844 3209 877 3274 in
902 3211 984 3276 muri
1009 3212 1050 3276 ed
1070 3213 1341 3278 nmsfretsndsm
1366 3210 1400 3276 in
1426 3211 1635 3278 wasconiam
1660 3213 1701 3276 ed

552 3313 722 3380 dominum
752 3333 847 3376 suum
873 3313 1006 3398 Regem,
1029 3323 1064 3379 et
1086 3313 1265 3380 Edwardus
1289 3313 1376 3379 tilios
1398 3313 1470 3401 ejus
1493 3336 1568 3380 cum
1594 3336 1633 3382 ee
1660 3313 1701 3380 ed

553 3413 813 3500 desponsandam
828 3435 972 3481 sororem
988 3415 1088 3503 Regis
1104 3416 1308 3504 Hyspennie.

466 3531 483 3546 ··
640 3515 835 3582 Willielmus
850 3517 961 3606 Esrry,
976 3518 1116 3586 Mercer.

640 3616 803 3684 Robertus
818 3620 860 3686 de
875 3621 1028 3687 Lintonu.

598 3723 672 3788 Hoe
687 3743 773 3787 enno
787 3721 909 3788 electus
924 3733 976 3789 est
991 3723 1099 3790 Maior
1113 3723 1358 3792 Londoniurnm
1382 3725 1544 3792 deulfns
1568 3727 1704 3810 Hardel,

552 3825 675 3911 etquis
691 3825 836 3890 Berones
851 3825 892 3891 de
907 3824 1074 3892 Sescosrio
1096 3828 1228 3892 fuerunt
1241 3839 1321 3895 tunc
1334 3829 1369 3895 in
1385 3831 1601 3897 Perliemento
1616 3832 1704 3916 apud

551 3929 814 4016 Wyndlesorsm,
825 3949 892 3994 non
903 3927 966 3993 tuit
978 3928 1013 3992 in
1024 3929 1176 3996 Crastino
1184 3940 1402 4017 presentetur,
1414 3931 1472 3998 sed
1482 3932 1534 3998 die
1544 3933 1704 4018 sequenti,

553 4032 661 4114 Cives,
684 4032 865 4098 deferentes
889 4053 1000 4098 seeum
1022 4053 1141 4100 norum
1167 4043 1287 4100 curtem
1306 4057 1410 4117 suem,
1434 4044 1705 4123 presentaverunt
