3930 5088
540 613 799 659 vrcscourruu
824 613 1110 662 nonnonmauu.
1354 605 1395 660 99

249 761 310 839 sui,
325 761 387 829 sub
401 784 540 849 quorum
549 773 712 849 potestate
727 765 872 832 minutus
887 766 1030 853 populus
1053 788 1112 853 per
1126 766 1207 832 tales
1224 789 1397 853 congrega·

248 863 354 928 tiones
366 873 400 929 et
410 865 686 930 confederationes
695 867 779 933 inter
788 889 822 932 se
833 867 935 932 factas
945 867 1048 933 erexit
1057 890 1091 932 ae
1103 877 1215 933 contra
1226 867 1398 953 Magnetes

249 965 409 1046 Civitatis,
433 977 467 1033 et
491 967 675 1034 habuerunt
700 991 831 1035 omnem
854 979 1050 1054 potestatem
1067 969 1228 1048 Civitatis,
1251 970 1297 1034 ita
1312 971 1400 1055 quod

249 1067 421 1153 Magnetes
435 1091 493 1135 eos
508 1092 574 1135 non
597 1082 777 1157 potuerunt
795 1071 963 1158 pacificare
987 1093 1049 1137 nec
1069 1070 1267 1156 justificare3
1290 1081 1324 1137 et
1337 1073 1401 1138 hoc

246 1171 309 1235 fuit
327 1172 457 1238 initium
472 1173 671 1239 confusionis
687 1172 848 1239 Civitatis.
895 1174 1044 1239 Preterea
1061 1183 1252 1259 preceptum
1279 1175 1342 1239 luit
1366 1186 1401 1240 et

246 1274 480 1359 proclamatum
497 1276 558 1340 sub
573 1277 686 1340 cedem
701 1278 816 1353 forins,
832 1297 873 1340 ne
887 1274 986 1360 aliqui
1000 1276 1176 1341 vindictam
1192 1286 1345 1362 caperent
1358 1278 1399 1342 de

247 1376 369 1441 bateria
383 1378 436 1444 vel
450 1379 511 1442 alia
525 1379 643 1464 injuris
657 1376 720 1444 sibi
743 1378 851 1458 illata3
874 1387 925 1443 set
949 1378 1026 1444 iude
1051 1380 1291 1465 queremoniam
1316 1380 1400 1444 lace·

246 1489 320 1543 rent
336 1480 468 1545 Ballivis
484 1480 647 1561 Civitatis,
661 1480 719 1567 qui
733 1481 780 1546 eis
797 1501 895 1566 super
918 1478 983 1545 boc
1007 1480 1104 1566 plens
1122 1481 1255 1566 justicia
1268 1481 1400 1546 exbibe-

248 1590 331 1645 rent.

292 1681 415 1747 Contra
429 1683 502 1762 hcc,
517 1683 600 1748 circa
614 1685 734 1748 festum
751 1682 869 1748 Sancte
886 1681 1053 1759 Katerine,
1074 1682 1136 1747 hoc
1151 1704 1237 1747 anno
1252 1682 1399 1768 contigit,

247 1787 335 1872 quod
349 1786 488 1871 quedam
503 1785 668 1851 contentio
683 1794 754 1851 crta
767 1785 830 1849 luit
853 1785 940 1849 inter
960 1785 1119 1869 quosdam
1141 1786 1182 1850 de
1197 1785 1303 1851 officio
1317 1787 1400 1850 suri-

246 1890 410 1955 fabrorum
434 1901 468 1954 et
491 1889 649 1974 quosdam
671 1889 712 1954 de
737 1887 844 1953 officio
863 1887 1033 1966 ciascmm,
1059 1887 1177 1973 quibus
1204 1887 1402 1953 adheserunt

246 1993 323 2058 hinc
337 2003 372 2057 et
396 1991 473 2057 hinc
487 1992 619 2078 quidam
633 1992 675 2057 de
701 1991 808 2058 officio
834 1991 1136 2076 parmentsricrum,
1152 2000 1186 2056 et
1212 1992 1343 2077 quidam
1360 1991 1401 2055 de

247 2095 354 2160 officio
365 2095 548 2174 allatarum,
560 2094 616 2179 qui
625 2094 772 2160 fecerunt
786 2115 918 2179 magnas
933 2093 1207 2180 congregationes,
1221 2103 1256 2160 et
1268 2115 1327 2180 per
1335 2104 1402 2160 tres

246 2208 359 2262 noctes
370 2198 541 2264 continuas
556 2196 751 2263 incedebant
761 2198 875 2262 armati
883 2217 943 2282 per
952 2197 1042 2262 vicos
1055 2196 1215 2276 Civitatis,
1232 2196 1399 2262 ¹saoientes
1414 2216 1463 2278 ¹s0.
1476 2215 1523 2267 10⁷
1535 2224 1567 2266 ν’.

245 2300 423 2365 maximum
438 2300 625 2366 conflictum
645 2300 732 2366 inter
746 2321 791 2364 se.
836 2298 888 2363 Ita
903 2299 1002 2383 quod,
1017 2307 1103 2363 certe
1121 2308 1251 2364 anocte
1267 2299 1399 2364 luerunt

245 2403 440 2489 congregati,
454 2411 493 2467 ut
506 2401 683 2482 dicebatur,
697 2402 870 2489 plusquam
885 2401 1052 2487 quingenti
1067 2400 1108 2466 de
1119 2400 1182 2465 illis
1194 2399 1350 2480 multicia,
1365 2401 1399 2465 in

245 2527 310 2590 quo
325 2505 479 2570 conflictu
492 2505 624 2571 fuerunt
647 2505 855 2591 quamplures
878 2503 1057 2583 vulnersti3
1081 2512 1131 2568 set
1155 2513 1265 2568 tamen
1290 2503 1399 2568 nullus

244 2608 348 2673 voluit
362 2610 466 2674 facere
480 2629 543 2694 que
557 2617 727 2672 removent
742 2606 886 2672 Ballivis.
931 2605 990 2671 Set
1003 2605 1228 2690 unusquisque
1250 2616 1400 2690 expecta-

244 2711 302 2776 bat
317 2712 348 2775 vi
363 2721 397 2776 et
410 2710 508 2774 armis
523 2729 637 2794 capere
651 2708 828 2773 vindictam
843 2709 884 2774 de
895 2708 1077 2772 edversario
1089 2728 1148 2772 suo
1159 2715 1273 2771 contre
1287 2728 1401 2791 pacem

245 2825 280 2879 et
293 2815 391 2879 fidem
417 2812 554 2879 Domini
580 2809 691 2895 Regis,
716 2811 804 2895 quod
825 2810 1043 2893 intelligentes
1070 2808 1187 2872 Ballivi
1211 2819 1246 2872 et
1269 2809 1400 2873 discreti

244 2917 307 2981 viri
321 2917 361 2980 de
378 2915 519 2981 civitate
533 2915 679 2978 fecerunt
693 2912 764 2997 capi
780 2911 820 2977 de
834 2911 898 2974 illia
912 2910 1095 2995 plusquam
1109 2909 1241 2994 triginta
1249 2919 1283 2973 et
1296 2910 1400 2974 incar-

246 3020 345 3085 cerari
371 3019 459 3104 apud
484 3019 653 3102 Neugate3
675 3014 743 3100 qui,
767 3013 819 3080 die
843 3012 979 3078 Veneris
1003 3009 1153 3097 pmximo
1177 3019 1254 3096 post
1278 3012 1399 3076 festum

247 3121 365 3186 Sancte
381 3121 543 3198 caterine,
558 3127 810 3204 compamerunt
823 3137 932 3182 coram
947 3113 1124 3179 Laurentio
1138 3115 1180 3179 de
1195 3113 1290 3193 Broc,
1302 3114 1400 3199 justi-

246 3225 340 3290 tiario
351 3225 392 3288 ad
401 3223 547 3310 gsyolam
557 3221 796 3288 deliberandam
806 3220 1039 3305 assingnatum,
1054 3217 1111 3304 qui
1122 3227 1252 3282 secutus
1261 3227 1313 3282 est
1322 3239 1400 3284 con·

245 3339 296 3393 tra
310 3329 399 3414 ipsos
413 3348 473 3412 pro
489 3327 588 3410 Rege,
604 3325 714 3390 dicens
729 3324 817 3410 quod
836 3322 901 3408 ipsi
915 3329 1028 3387 contra
1041 3342 1155 3406 pacem
1169 3329 1203 3384 et
1216 3319 1315 3385 fidem
1330 3322 1400 3386 Do-

246 3431 327 3497 mini
343 3431 440 3515 Regis
465 3427 660 3496 incedebant
684 3427 799 3493 armati
818 3429 851 3492 in
880 3425 1032 3503 civitate,
1047 3433 1082 3489 et
1105 3424 1145 3488 de
1165 3433 1261 3488 nocte
1286 3424 1400 3490 vulne·

246 3543 355 3598 rantes
370 3543 404 3597 et
418 3531 632 3617 depredantes
647 3529 797 3614 nequiter
811 3540 845 3593 et
857 3529 892 3591 in
907 3526 1035 3600 felonia,
1057 3535 1091 3590 et
1105 3525 1262 3611 quosdam
1277 3525 1400 3590 interfi-

245 3639 378 3715 cientes,
392 3657 530 3721 quorum
545 3655 690 3720 corpora,
705 3642 744 3698 ut
761 3632 938 3710 dicebatur,
952 3630 1095 3717 projecta
1109 3629 1242 3694 fuerunt
1265 3628 1300 3693 in
1314 3629 1400 3694 'llra-

245 3740 384 3804 misiam.

291 3843 361 3927 Ipsi
382 3863 460 3906 vero
475 3841 691 3906 defenderunt
704 3839 773 3904 rim
788 3847 822 3903 et
835 3837 987 3923 injuriam
1003 3843 1062 3901 etc.
1078 3834 1168 3900 etde
1193 3833 1256 3900 hoc
1279 3857 1398 3920 posue·

246 3954 324 4008 runt
349 3965 384 4007 se
411 3965 508 4027 super
532 3942 732 4007 veredictum
752 3940 881 4004 visneti.
940 3938 981 4002 In
996 3937 1138 4004 crastino
1153 3958 1241 4015 vero,
1257 3937 1313 4022 qui
1339 3959 1397 4022 per

246 4047 429 4132 predictum
442 4047 606 4110 visnetum
621 4045 755 4108 fuerunt
768 4041 918 4106 indictati
934 4041 1033 4104 fuisse
1047 4042 1082 4106 in
1097 4039 1245 4124 predicto
1266 4041 1398 4104 conflic-

248 4170 296 4240 tu,
310 4157 524 4244 adjudicando
547 4156 693 4241 predicto
718 4154 914 4232 Justitisrio,
942 4152 1052 4218 statim
1078 4152 1211 4216 fuerunt
1236 4151 1398 4236 suspensi,
