3856 5038
437 469 490 537 olii
959 485 1138 534 unsracs.

434 643 578 702 Robertus
594 639 705 720 Smysh,
723 647 892 719 paterenus,
912 649 1041 700 mortuus
1061 639 1186 716 sepultus
1206 637 1263 696 fuit
1281 637 1311 696 in
1325 635 1441 696 ecclesia
1454 638 1579 716 predicta
1592 641 1638 699 die

432 749 549 798 stanno
563 738 729 816 supradietis
742 747 772 796 et
782 739 852 797 vidit
861 757 922 798 eam
935 738 1079 814 baptisari,
1091 757 1140 814 per
1150 736 1227 813 quod
1240 735 1275 794 de
1289 744 1363 794 etate
1373 735 1497 813 predicte
1508 737 1638 796 Johanne

432 837 505 894 bene
528 836 625 893 recolit
638 843 667 894 et
687 837 840 912 cognoscit.
881 834 1000 893 Roberti
1014 833 1165 912 Wryghte,
1186 833 1269 890 etatis
1288 832 1459 902 lannorum,
1480 843 1513 893 ut
1526 835 1639 912 premit·

431 935 509 1002 titur,
524 933 682 1002 examinati,
695 934 743 1009 qui
754 933 822 992 dicit
835 931 910 1010 quod
920 932 1029 1009 prefata
1037 931 1057 991 J
1058 931 1169 990 ohanna
1177 940 1244 988 nata
1252 930 1307 988 fuit
1314 939 1343 988 et
1349 932 1492 1007 baptisate
1501 932 1530 988 in
1544 940 1637 990 castro

431 1037 462 1086 et
474 1028 591 1086 ecclesia
603 1027 736 1106 predictis
750 1028 795 1087 die
814 1037 843 1086 et
856 1047 931 1086 anno
952 1027 1127 1106 supradictis,
1146 1036 1174 1084 et
1195 1033 1238 1083 est
1259 1026 1342 1084 etstis
1362 1026 1430 1082 xviii
1450 1045 1589 1084 annornm
1608 1035 1637 1084 et

398 1145 401 1148 ·
431 1123 560 1200 amplius.
602 1123 767 1199 Requisitua
782 1123 901 1200 qualiter
914 1122 968 1180 hoo
991 1124 1053 1191 scit,
1077 1123 1145 1180 dicit
1163 1121 1239 1198 quod
1253 1122 1312 1197 ipse
1324 1120 1380 1178 fuit
1394 1121 1423 1178 ia
1436 1121 1555 1178 ecclesia
1573 1141 1637 1198 pre·

430 1219 507 1278 dicta
520 1219 601 1277 dictis
613 1220 659 1278 die
673 1228 703 1278 et
715 1239 798 1288 anno,
812 1227 841 1278 et
851 1220 953 1298 ophilit
962 1239 1013 1296 pro
1026 1220 1119 1278 anima
1132 1217 1249 1296 predicti
1266 1217 1384 1276 Roberti
1400 1216 1502 1296 Smyth
1516 1218 1553 1277 ad
1566 1227 1635 1277 hinc

430 1317 532 1394 sepulti
546 1316 657 1384 ibidem,
671 1325 700 1374 et
714 1317 784 1374 vidit
793 1317 896 1375 dictam
909 1316 1070 1376 Juhaunam
1084 1315 1118 1374 de
1132 1315 1303 1374 sacrofonte
1316 1315 1472 1391 levariper
1485 1315 1637 1392 qnod,&c.

428 1515 481 1569 dc.
495 1508 667 1589 (utsupra).
708 1509 872 1587 Reqnisitus
895 1511 1014 1588 qualiter
1036 1511 1090 1569 hoc
1111 1511 1211 1578 noscit,
1232 1509 1395 1586 dicitquod
1415 1509 1474 1586 ipse
1496 1508 1578 1567 dictis
1592 1507 1636 1567 die

427 1613 457 1664 et
470 1625 545 1664 enno
563 1605 662 1665 hahuit
675 1607 815 1684 quendam
836 1607 934 1676 dham,
953 1609 1064 1666 nomine
1084 1606 1253 1674 Johannem,
1272 1615 1379 1674 nanim,
1402 1607 1449 1682 qni
1473 1605 1510 1664 ad
1529 1605 1635 1664 festum

429 1705 518 1762 saneti
541 1703 661 1763 Martini
682 1705 782 1763 ultimo
803 1707 967 1783 preteritum
987 1705 1043 1763 fuit
1064 1705 1147 1762 etatis
1167 1705 1235 1761 xviii
1257 1722 1402 1771 annorum,
1418 1722 1469 1778 per
1482 1703 1567 1780 quod,
1582 1706 1634 1760 dic.

430 1799 539 1857 Thome
549 1799 671 1868 Gilhert,
680 1801 761 1858 etatis
774 1801 852 1858 xlviii
865 1820 1012 1870 annorum,
1023 1811 1056 1858 ut
1069 1801 1247 1877 premittitur,
1261 1798 1419 1866 examinati,
1430 1799 1479 1875 qui
1494 1797 1570 1868 dicit,
1584 1801 1636 1858 dc.

429 1894 477 1972 (nt
500 1893 610 1972 supra).
652 1895 816 1972 Requisitus
837 1897 958 1973 qualiter
977 1899 1031 1955 hoc
1053 1898 1153 1964 noscit,
1176 1896 1244 1953 dicit
1265 1895 1342 1972 quod
1364 1897 1423 1971 ipse
1438 1895 1509 1952 vidit
1530 1895 1633 1954 dictam

430 1991 591 2050 Johannam
601 1991 636 2048 de
651 1993 819 2052 sacrofonte
826 1995 915 2052 levari
929 1995 958 2051 in
968 1993 1085 2052 ecclesia
1095 1992 1227 2070 predicta,
1238 2001 1267 2050 et
1277 1991 1380 2068 optulit
1395 1993 1424 2049 in
1434 1991 1510 2049 diota
1519 1991 1636 2050 ecclesia

429 2087 512 2145 dictis
536 2088 581 2145 die
604 2097 634 2146 et
657 2108 730 2148 anno
753 2109 804 2166 pro
824 2092 918 2151 anima
940 2091 1058 2168 predicti
1074 2090 1193 2148 Roberti
1209 2089 1310 2168 Smyth
1330 2090 1436 2146 mortui
1457 2089 1544 2148 etad
1566 2097 1633 2147 tunc

429 2181 533 2240 ibidem
546 2183 657 2259 sepulti,
673 2203 724 2261 per
738 2185 822 2261 qnod,
838 2187 889 2244 dic.
916 2186 1053 2244 Willelmi
1068 2183 1236 2253 Fraunkish,
1250 2185 1332 2241 etatis
1346 2184 1357 2240 l
1371 2203 1518 2253 annorum,
1533 2188 1589 2242 &n
1601 2193 1635 2242 ut

431 2297 525 2354 supra.
568 2277 740 2354 Requisitus‚
763 2284 814 2338 dic.
836 2281 904 2340 dicit
924 2281 1001 2358 quod
1021 2283 1080 2358 ipse
1103 2282 1133 2338 in
1154 2279 1252 2338 eadem
1265 2278 1383 2336 eeclesia
1396 2278 1528 2354 predictis
1548 2279 1593 2336 die
1606 2288 1635 2337 et

430 2395 504 2434 anno
518 2376 696 2453 desponsavit
704 2377 899 2454 Margaretam
909 2399 1026 2438 uxorem
1041 2399 1129 2448 suam,
1144 2387 1173 2436 et
1186 2379 1259 2435 vidit
1272 2378 1379 2435 dictam
1392 2376 1553 2435 Johannam
1565 2378 1636 2455 bap·

430 2471 519 2538 titul,
542 2489 592 2547 per
614 2473 697 2548 qnod,
716 2476 767 2531 ac.
807 2473 948 2533 Johannis
977 2474 1101 2542 Holden,
1124 2474 1207 2532 etatis
1230 2472 1308 2530 xlviii
1328 2491 1474 2540 annornm,
1495 2471 1635 2530 Johannis

432 2567 549 2636 Taillor,
564 2570 646 2627 etatis
660 2570 670 2626 l
683 2589 831 2642 annorum,
846 2591 899 2648 pro
913 2592 943 2632 se
957 2573 1116 2649 separatim
1125 2580 1159 2629 ut
1172 2570 1329 2647 predictum
1342 2579 1393 2639 est,
1403 2571 1634 2640 examinatorum,

431 2667 480 2742 qui
494 2665 590 2724 dicunt
604 2667 680 2743 quod
693 2667 768 2727 dicta
780 2669 914 2729 Johanna
934 2680 1001 2728 nata
1021 2670 1077 2727 fuit
1095 2679 1125 2726 et
1143 2669 1294 2746 baptizata,
1316 2673 1371 2726 &c-
1412 2667 1562 2744 Requisiti,
1583 2671 1635 2727 διο.

430 2763 527 2823 dieunt
555 2766 631 2841 quod
653 2767 707 2844 ipsi
728 2767 916 2826 interstierunt
937 2787 1002 2825 cum
1023 2767 1148 2844 predicto
1162 2766 1308 2824 Willelmo
1331 2765 1499 2836 Fraunlrish,
1522 2767 1634 2842 quando

428 2859 520 2920 dicture
534 2860 695 2920 Willelmus
720 2862 900 2940 desponsavit
915 2863 1118 2940 Margaretam,
1142 2880 1257 2918 uxorem
1282 2881 1372 2930 suam,
1386 2862 1415 2918 in
1430 2861 1549 2920 ecclesia
1569 2881 1633 2938 pre-

427 2957 510 3027 dicta,
534 2967 563 3016 et
576 2959 707 3018 viderunt
720 2961 824 3018 dictam
848 2959 1008 3018 Johannam
1032 2960 1067 3017 de
1090 2958 1264 3017 sacrofonte
1285 2957 1383 3028 levari,
1408 2977 1458 3035 per
1472 2959 1557 3035 quod,
1579 2962 1631 3018 dte.

429 3055 550 3114 Roberti
565 3055 751 3133 Honyngton,
770 3058 853 3114 etatis
865 3057 877 3114 l
890 3075 1036 3125 annorum,
1051 3061 1102 3114 &c
1144 3057 1320 3131 Requisitus,
1335 3061 1387 3114 &c-
1401 3057 1469 3114 dicit
1482 3057 1558 3133 quod
1571 3058 1632 3134 ipse

428 3151 484 3209 fuit
493 3153 522 3207 in
532 3153 650 3210 ecclesia
660 3154 785 3228 predicta
795 3153 878 3210 dictis
892 3153 937 3210 die
950 3162 979 3210 et
992 3173 1075 3222 anno,
1090 3163 1119 3212 et
1133 3153 1205 3211 vidit
1218 3173 1281 3212 eam
1300 3153 1335 3210 de
1349 3173 1430 3212 sacro
1443 3155 1521 3212 fonte
1535 3155 1632 3226 levari,

428 3253 457 3303 et
469 3244 561 3302 tenuit
580 3245 720 3321 quendam
733 3265 844 3306 cereum
865 3247 1009 3306 ardentem
1030 3257 1155 3325 tempore
1175 3249 1375 3325 baptiraeionis
1389 3250 1476 3326 ipsius
1490 3249 1630 3320 Johsnne,

427 3362 478 3419 per
492 3343 568 3419 qnod
581 3344 617 3402 de
630 3351 704 3402 etate
718 3345 826 3422 prefate
839 3346 970 3405 Johanne
989 3347 1060 3404 bene
1077 3347 1175 3405 recolit
1188 3356 1217 3404 et
1230 3348 1384 3424 cognoscit.
1426 3347 1461 3405 ln
1474 3349 1564 3425 cujus,
1577 3353 1631 3407 &o-

430 3437 539 3496 Datum
553 3439 598 3496 die
611 3448 641 3497 et
653 3440 717 3498 locu
730 3440 923 3516 supradietis.”

469 3533 554 3591 From
567 3534 646 3593 these
659 3535 772 3595 recorda
786 3555 828 3594 we
849 3537 926 3595 learn
941 3536 1005 3596 that
1020 3536 1144 3594 Thomas
1158 3536 1237 3595 Lord
1252 3538 1374 3596 Bardolf
1390 3537 1446 3595 hed
1469 3537 1581 3595 resided
1600 3547 1631 3598 at

427 3629 477 3689 the
499 3632 586 3690 castle
608 3632 641 3689 of
660 3633 803 3691 Tattersal
827 3634 998 3711 subsequent
1019 3642 1049 3692 to
1070 3635 1119 3692 the
1140 3636 1208 3692 time
1228 3636 1261 3692 of
1278 3636 1324 3694 his
1344 3636 1484 3712 marriage
1497 3635 1566 3694 with
1584 3635 1630 3694 his

425 3726 638 3800 father-ia-law,
654 3731 748 3808 Ralph
759 3731 838 3789 Lord
849 3731 1007 3800 Cromwell‚
1022 3731 1078 3790 and
1092 3731 1156 3789 that
1169 3732 1216 3790 the
1230 3733 1297 3812 only
1307 3734 1382 3792 issue
1396 3733 1453 3792 had
1466 3735 1536 3791 boen
1550 3733 1630 3792 these

425 3834 481 3885 two
504 3826 665 3904 daughters,
680 3832 775 3899 Anne,
794 3831 868 3888 horn
888 3829 961 3887 soth
982 3829 1015 3887 of
1033 3828 1117 3898 June,
1143 3830 1179 3888 1³
1195 3829 1280 3888 Rich.
1293 3830 1335 3889 11.
1352 3832 1439 3899 1389,
1463 3831 1520 3889 and
1541 3831 1628 3900 Joan,

422 3923 496 3982 horn
514 3925 583 3984 laih
596 3926 672 3985 Nov.
689 3930 726 3987 14
742 3928 826 3986 Rich.
840 3927 881 3986 11.
898 3928 984 3996 1390,
999 3927 1093 3994 wives,
1108 3929 1186 4003 prior
1199 3935 1230 3985 to
1251 3927 1294 3985 his
1309 3929 1432 3997 danesse,
1447 3930 1481 3987 οἲ
1494 3929 1540 3987 sir
1553 3927 1627 3986 Wil-

422 4021 493 4080 liam
509 4020 634 4092 clifford,
650 4023 760 4102 lmight,
775 4023 831 4081 and
845 4022 971 4080 William
987 4021 1115 4099 Phelipp,
1130 4023 1164 4082 of
1179 4024 1374 4100 Denningtun,
1388 4026 1417 4082 ia
1440 4025 1487 4083 the
1501 4023 1629 4085 hundred

1903 1039 1906 1138 l

1893 1229 1906 1743 l

1894 1893 1906 2392 l
