3920 5022
530 591 573 656 86
889 605 1050 656 onourcr
1075 603 1252 654 uaroauu
1278 601 1324 652 rr

531 763 607 850 quio
622 762 744 841 habito,
760 763 845 829 sicut
859 785 931 828 mos
946 772 1006 841 est,
1021 761 1205 826 interritos
1220 759 1375 824 discretos
1398 755 1431 820 in
1455 754 1606 833 Ciuitate,
1622 749 1682 818 sed

532 883 591 950 per
604 865 729 949 aliquos
755 865 795 930 de
818 865 951 950 populo,
974 865 1059 929 filios
1081 864 1280 928 diversarum
1301 869 1452 937 matrum,
1474 855 1681 943 quamplures

533 978 628 1032 natos
657 979 749 1032 extra
778 967 965 1047 Civitatem,
996 977 1032 1031 et
1064 965 1270 1051 quamplures
1309 961 1433 1028 servilis
1474 957 1682 1035 conditionis,

534 1070 714 1150 clamando,
740 1092 813 1153 aoy,
840 1093 914 1154 noy,
937 1091 1011 1151 noy,
1026 1078 1139 1133 contra
1161 1067 1364 1152 privilegium
1387 1063 1574 1127 libertatum
1592 1058 1682 1123 civi-

534 1171 612 1236 tatis
632 1172 675 1236 ab
695 1173 829 1258 antiquo
856 1193 1057 1252 concessum,
1079 1181 1114 1235 et
1128 1191 1186 1256 per
1207 1170 1460 1255 predecessores,
1477 1163 1573 1228 Cives
1595 1159 1682 1225 bone

536 1275 702 1354 memorie,
723 1276 949 1362 perquisitum,
974 1285 1009 1338 et
1034 1273 1075 1338 ad
1100 1272 1181 1337 illud
1204 1281 1335 1355 tempus
1356 1269 1440 1332 bene
1466 1265 1684 1330 observatum.

537 1376 584 1440 Et
598 1377 644 1442 sie
667 1390 701 1443 et
723 1378 780 1442 tali
805 1379 914 1456 modo,
930 1377 1000 1442 aine
1020 1375 1109 1441 omni
1135 1375 1239 1439 forma
1258 1371 1404 1449 rationis,
1426 1369 1556 1433 fuerunt
1570 1385 1685 1430 omnes

538 1479 749 1545 Aldermanni
765 1480 914 1545 Civitatis
929 1503 996 1545 non
1011 1479 1168 1544 advocati.

582 1581 675 1646 'hinc
689 1583 834 1668 precepit
847 1584 953 1648 dictus
968 1583 1136 1648 «Iohannes
1160 1603 1200 1644 ex
1223 1589 1315 1664 parte
1339 1579 1437 1662 Regis
1459 1575 1547 1661 qubd
1572 1593 1685 1638 omnes

541 1682 763 1763 Aldermanni,
778 1677 1005 1764 vicecomites,
1020 1693 1053 1749 et
1068 1683 1271 1748 Camerarius
1294 1681 1392 1767 Regis
1414 1680 1448 1744 in
1471 1678 1611 1743 crastino
1630 1695 1686 1738 ve-

540 1785 667 1850 nissent
680 1787 767 1872 apud
782 1786 1108 1853 westmonasterium
1124 1807 1231 1852 coram
1248 1785 1347 1868 Rege.
1393 1782 1433 1846 In
1448 1780 1587 1846 crastino
1597 1797 1686 1853 vero,

540 1887 661 1952 scilicet
676 1889 728 1953 die
751 1888 916 1965 Mercurii,
942 1900 1104 1954 venerunt
1126 1909 1239 1953 omnes
1262 1885 1397 1970 predicti
1417 1885 1450 1947 in
1476 1904 1592 1964 magna
1615 1878 1687 1942 aula

540 1989 834 2069 westmonasterii,
846 1991 886 2054 ad
898 2011 990 2076 quos,
1000 1991 1120 2056 ibidem
1130 1989 1367 2075 aliquantulum
1381 2007 1506 2050 moram
1523 1984 1687 2059 facientes,

542 2091 705 2156 Dominus
740 2091 821 2172 Rex,
847 2092 958 2158 habito
987 2094 1123 2157 consilio
1152 2115 1228 2157 cum
1264 2091 1331 2154 suia
1362 2090 1397 2153 in
1427 2088 1548 2172 capella
1577 2082 1688 2150 Sancti

544 2193 711 2277 Stephani,
726 2193 871 2272 accessit,
895 2205 929 2259 et
943 2195 1076 2260 sedente
1097 2213 1157 2280 pro
1172 2192 1325 2257 tribunali
1349 2201 1383 2254 et
1406 2189 1550 2253 Haurico
1571 2186 1612 2250 de
1639 2185 1688 2249 Ba

542 2293 725 2358 Justitiario
741 2295 955 2379 adjudicante,
979 2317 1092 2361 omues
1107 2294 1244 2380 predicti
1259 2292 1421 2377 degradati
1437 2301 1515 2354 aunt
1533 2298 1567 2351 et
1588 2286 1688 2370 depo-

543 2394 597 2458 siti
622 2395 662 2458 de
685 2395 819 2459 Ballivis
835 2397 913 2474 suis,
933 2409 967 2461 et
986 2398 1020 2460 in
1036 2395 1254 2461 misericordia
1270 2393 1379 2478 Regis,
1393 2402 1427 2456 et
1441 2390 1582 2470 mactati,
1597 2401 1631 2454 et
1644 2389 1691 2454 ita

544 2494 633 2580 quod
642 2496 750 2560 nulius
761 2517 874 2561 eorum
890 2497 958 2563 sine
973 2497 1102 2561 licentih
1117 2498 1215 2581 Regis
1241 2495 1455 2581 imposterum
1475 2495 1517 2558 ad
1537 2492 1690 2558 ballivam

547 2597 721 2662 accederet.
750 2597 816 2665 Qui
830 2609 954 2683 postea,
970 2600 1080 2666 statim
1091 2601 1288 2665 concedente
1303 2598 1401 2684 Rege,
1411 2596 1576 2683 replegiati
1591 2595 1692 2660 redie-

545 2710 623 2766 runt
636 2701 676 2764 ad
688 2702 828 2785 propria.

594 2804 675 2868 Post
691 2804 751 2868 heo
771 2804 890 2885 omnia,
905 2815 1069 2871 annuente
1085 2805 1237 2872 Johanne
1254 2803 1417 2882 Matmsel,
1439 2801 1601 2867 concessit
1611 2801 1693 2882 Rex,

551 2916 590 2972 ut
600 2907 743 2993 exceptis
758 2907 910 2993 predictis
925 2909 1014 2988 viris,
1037 2908 1093 2995 qui
1108 2909 1302 2974 occasionati
1312 2909 1454 2985 suerunt,
1468 2903 1602 2990 quilibet
1616 2903 1694 2968 alio·

551 3027 624 3070 rum
654 3017 856 3090 recuperaret
885 3007 1054 3086 Ballivam,
1084 3007 1112 3070 si
1140 3029 1199 3091 per
1228 3006 1444 3072 Communem
1476 3005 1624 3071 Civitatis
1654 3005 1695 3070 ad

550 3105 691 3193 aliquam
719 3109 857 3172 fuissent
885 3108 989 3174 electi.
1041 3109 1134 3172 'lunc
1163 3128 1276 3171 omnes
1304 3107 1525 3186 Aldermanni,
1553 3108 1697 3193 exceptis

553 3209 717 3294 predictis,
732 3209 873 3271 restituti
889 3221 966 3272 sunt
988 3211 1029 3272 ad
1053 3209 1194 3272 Ballivas
1216 3230 1301 3287 suas,
1328 3221 1435 3294 preter
1458 3209 1631 3274 Ricardum
1657 3211 1698 3274 de

558 3310 740 3375 Hadestok.
776 3311 920 3374 Thomas
935 3332 1011 3376 vero
1024 3311 1110 3376 filius
1121 3311 1246 3376 Tharne
1258 3313 1427 3378 restitutus
1439 3323 1488 3378 est
1499 3312 1699 3392 Vicecomea,

554 3422 587 3476 et
612 3411 807 3475 Willielmus
824 3411 994 3496 Grapefige
1016 3413 1120 3477 factus
1146 3426 1197 3480 est
1210 3414 1399 3482 Vicecomes
1419 3417 1453 3480 in
1476 3416 1548 3480 loco
1572 3413 1700 3477 Mathei

505 3517 514 3535 ⁴
554 3513 704 3578 Bukerel.
749 3512 943 3578 Willielmus
958 3537 1036 3580 vero
1050 3515 1135 3582 filius
1158 3517 1287 3583 Ricardi
1301 3520 1405 3584 factus
1421 3527 1471 3583 est
1489 3516 1597 3580 Maior
1611 3515 1699 3580 Lon·

553 3617 733 3682 doniarum.

601 3719 718 3783 Postea
741 3718 782 3783 de
807 3718 859 3781 die
879 3719 912 3781 iu
931 3719 1016 3783 diem
1032 3719 1207 3785 Camerarii
1231 3721 1380 3785 Civitatis
1403 3743 1509 3786 coram
1532 3719 1619 3786 dicto
1642 3720 1701 3786 Jo-

556 3823 663 3886 hanne
678 3820 831 3885 Maunsel
845 3828 879 3884 et
894 3820 961 3883 suis
976 3820 1184 3886 reddiderunt
1199 3832 1350 3907 compota
1375 3823 1415 3886 de
1438 3823 1573 3907 tallagiis
1598 3823 1702 3904 factis,

558 3922 760 4007 temporibus
785 3921 964 3985 Maioratus
988 3921 1149 3987 Johanuis
1171 3923 1312 3988 'Pulesrm
1346 3935 1379 3990 et
1413 3926 1541 3989 Radulfi
1570 3926 1704 4007 Hardel,

557 4024 764 4112 presentibus
780 4023 825 4088 ibi
851 4036 885 4088 et
899 4025 941 4088 ad
955 4025 1017 4090 hoc
1033 4025 1142 4090 electis
1158 4025 1403 4111 quampluribus
1417 4029 1495 4093 viris
1510 4028 1550 4093 de
1566 4029 1708 4094 Ciuitate

557 4128 696 4192 multum
713 4127 799 4193 varie
815 4137 848 4193 et
870 4128 995 4194 diverse
1023 4127 1250 4194 sentientibus.
1295 4129 1334 4194 In
1350 4153 1415 4215 quo
1430 4141 1582 4216 compoto
1597 4133 1705 4197 nullus
