3920 5022
564 527 609 584 60
921 539 1082 586 cucuron
1106 540 1284 586 usroauu
1309 541 1355 585 rr
1428 546 1431 550 ·

564 711 655 769 num,
670 712 728 756 seu
743 691 981 757 ordinationum
997 714 1055 757 seu
1070 690 1303 776 obligationum
1318 691 1371 757 vel
1384 690 1521 777 alicujus
1537 711 1637 776 super
1649 690 1723 754 hoo

564 812 718 857 concesse
742 794 914 877 potestatis
939 815 959 858 a
983 794 1082 879 Rege,
1097 793 1206 856 nullus
1231 814 1317 857 nove
1340 802 1463 858 statuta
1486 793 1714 874 satiatusque

561 893 631 978 jam
653 896 739 959 facta
761 903 872 960 tenen
889 896 938 960 vel
961 895 1123 974 observet,
1138 916 1199 960 nec
1220 905 1354 981 propter
1368 917 1436 960 non
1450 895 1715 960 observacionem

566 995 785 1080 predictorum
812 995 927 1061 debeat
946 997 1061 1082 aliquis
1088 995 1234 1081 capitalis
1249 997 1301 1062 vel
1324 997 1416 1062 alitor
1429 995 1580 1061 inimicus
1593 994 1719 1072 haberi,

566 1106 624 1161 aut
637 1119 755 1183 penem
770 1099 910 1183 aliquem
925 1108 1059 1184 propter
1084 1100 1147 1163 hoc
1173 1098 1344 1164 sustinere.
1387 1098 1603 1164 Decemimus
1617 1097 1716 1162 etiem

568 1201 656 1284 quod
671 1223 768 1286 super
781 1201 936 1288 predictis
960 1200 1201 1287 provisionibus
1224 1210 1258 1266 et
1283 1223 1394 1266 aarum
1417 1201 1587 1266 occasione
1601 1220 1717 1263 omnes

568 1303 677 1369 littere
694 1305 841 1370 conlecte
860 1304 950 1370 irrite
974 1305 1040 1369 sint
1059 1314 1094 1370 et
1113 1304 1238 1383 inanes,
1252 1314 1287 1369 et
1301 1303 1500 1369 Ordinamus
1516 1303 1613 1368 etiarn
1627 1301 1717 1387 quod

567 1405 631 1491 ipsi
647 1406 728 1492 Regi
740 1407 858 1492 Anglie
882 1408 1095 1472 restituantur
1108 1429 1128 1470 e
1142 1406 1326 1471 Beronibus
1342 1416 1376 1471 et
1399 1407 1586 1471 reddantur.
1631 1405 1717 1469 Item

569 1510 707 1574 dicimus
730 1520 765 1576 et
786 1510 985 1588 ordinamus,
999 1510 1087 1595 quod
1112 1509 1238 1588 Castra,
1252 1530 1442 1595 quecunque
1465 1509 1584 1573 tradita
1597 1507 1720 1572 fuerint

569 1612 782 1677 custodienda
803 1614 845 1678 ed
871 1613 1087 1691 securitatem,
1106 1634 1164 1677 seu
1186 1612 1355 1677 occasione
1368 1612 1599 1698 predictorum,
1614 1619 1648 1676 et
1662 1611 1720 1674 ad·

569 1714 635 1778 hue
659 1714 801 1792 detenta,
815 1712 915 1778 libere
929 1736 949 1778 a
964 1711 1147 1778 Beronibus
1163 1713 1268 1778 eidem
1280 1712 1362 1798 Regi
1377 1713 1563 1791 reddantur,
1578 1711 1720 1776 tenende

569 1814 611 1878 ab
626 1815 741 1880 eodem
757 1816 856 1900 Rege,
872 1815 957 1880 sicut
971 1836 1009 1880 ea
1023 1813 1157 1879 tenebat
1175 1827 1252 1878 ante
1266 1822 1397 1898 tempus
1411 1813 1630 1897 predictarum
1644 1834 1719 1896 pro·

569 1916 744 1981 visionum.
789 1917 874 1982 Item
889 1915 1027 1982 dicimus
1043 1925 1078 1980 et
1092 1915 1278 1980 ordinamus
1294 1915 1383 2000 quod
1399 1916 1494 1980 liceat
1519 1916 1623 1980 eidem
1639 1915 1720 1999 Regi

569 2015 669 2082 libere
680 2016 860 2102 Capitalem
871 2017 894 2081 J
897 2015 1104 2094 ustitiarium,
1115 2014 1362 2094 cancellarium,
1370 2015 1632 2095 Thesaurarium,
1642 2016 1721 2080 Jus-

569 2119 710 2184 ticiarios
730 2119 883 2197 minores,
898 2116 1125 2195 vicecomites,
1141 2126 1175 2181 et
1196 2137 1408 2201 quoscunque
1423 2118 1503 2182 alios
1518 2119 1668 2182 officiales
1684 2140 1721 2182 aa

570 2221 795 2286 ministeriales
806 2219 945 2306 regionis
958 2219 1021 2297 sui,
1035 2228 1069 2283 et
1083 2218 1201 2282 domus
1214 2238 1284 2296 sue,
1292 2216 1456 2303 preficere,
1468 2220 1655 2298 destituere,
1670 2219 1720 2282 in-

573 2327 706 2390 stituere
721 2333 755 2389 et
769 2343 930 2400 amovere,
944 2342 1004 2407 pro
1017 2343 1075 2385 sus
1089 2319 1184 2385 libito
1199 2320 1390 2398 voluntatis,
1400 2321 1486 2385 sicut
1496 2321 1634 2386 faciebat
1644 2330 1720 2386 ante

572 2437 704 2510 tempus
718 2425 912 2511 predictum.
957 2423 1054 2501 Item,
1073 2429 1285 2486 retractamus
1296 2430 1331 2485 et
1339 2442 1506 2485 cassamus
1521 2423 1601 2486 illud
1617 2433 1721 2487 statu-

573 2539 645 2594 tum
653 2530 787 2606 iactum,
798 2526 885 2612 quod
896 2545 1031 2608 regnum
1040 2521 1157 2606 Anglie
1171 2543 1230 2606 per
1243 2521 1411 2607 indigenas
1427 2523 1467 2587 de
1483 2533 1589 2589 cetero
1604 2525 1720 2610 guber-

572 2640 679 2710 netur,
694 2649 821 2694 necnon
836 2636 876 2691 ut
889 2624 1016 2692 exirent
1034 2624 1212 2710 alienigene
1229 2647 1296 2688 non
1315 2625 1485 2704 reversuri,
1499 2627 1643 2712 exceptis
1657 2627 1722 2691 illis

573 2753 712 2820 quorum
736 2752 859 2796 morsm
884 2728 996 2794 fideles
1019 2728 1110 2813 regni
1133 2727 1351 2793 communiter
1365 2737 1580 2812 acceptarent.
1624 2729 1723 2793 Ordi-

572 2857 690 2902 nemus
704 2857 763 2922 per
777 2835 900 2900 dictum
914 2841 1076 2911 nostrum,
1090 2840 1129 2896 ut
1141 2831 1239 2896 liceat
1252 2830 1439 2916 alienigenis
1455 2831 1574 2894 morari
1587 2830 1622 2894 in
1634 2831 1722 2897 dicto

575 2959 675 3023 regno
691 2935 813 3015 secure,
827 2944 862 3000 at
875 2936 964 3021 quod
979 2935 1085 3000 dictus
1097 2935 1169 2999 Rex
1176 2934 1284 3020 possit
1292 2933 1487 3018 alienigenas
1500 2933 1542 2996 ad
1551 2934 1722 2998 consilium

576 3063 683 3120 suum,
698 3061 780 3124 quos
806 3037 868 3102 sibi
890 3037 1008 3103 viderit
1031 3036 1128 3101 utiles
1151 3047 1186 3101 et
1210 3035 1334 3115 fideles,
1359 3057 1485 3115 vocare,
1509 3036 1594 3101 sicut
1619 3037 1722 3101 iacere

575 3151 703 3229 poterat
726 3150 800 3204 ante
825 3148 955 3224 tempus
977 3139 1170 3222 predictum.
1215 3137 1311 3217 Item,
1327 3137 1465 3202 dicimus
1485 3147 1520 3202 et
1533 3139 1722 3203 ordinamus

575 3239 663 3326 quod
678 3239 784 3303 dictus
801 3239 872 3303 Rex
890 3240 1020 3325 plenam
1038 3246 1235 3324 potestatem
1250 3249 1285 3303 et
1294 3237 1433 3304 liberum
1446 3240 1591 3325 regimen
1605 3239 1724 3304 habeat

575 3342 610 3406 in
636 3361 735 3424 regno
759 3361 819 3404 suo
844 3351 880 3404 st
907 3345 977 3426 ejus
1000 3339 1225 3426 pertinentiis3
1247 3350 1281 3406 et
1306 3341 1351 3406 sit
1372 3339 1407 3406 in
1431 3363 1470 3406 eo
1486 3351 1574 3405 statu
1589 3354 1622 3406 et
1636 3341 1670 3405 in
1686 3363 1724 3405 es

575 3441 719 3529 plenarie
746 3450 919 3526 potestate,
944 3442 978 3506 in
1002 3440 1154 3508 omnibus
1179 3451 1214 3507 et
1236 3464 1295 3528 per
1317 3445 1436 3518 omnia,
1453 3444 1537 3507 sicut
1559 3453 1628 3507 erat
1650 3453 1725 3506 ante

576 3557 706 3628 tempus
721 3543 914 3626 predictum.
959 3545 1123 3610 Nolumus
1147 3554 1268 3621 autem,
1282 3566 1343 3610 nec
1366 3543 1565 3609 intendimus
1580 3564 1638 3626 per
1652 3564 1726 3626 prs·

578 3656 703 3711 sentem
719 3645 967 3725 ordinationem,
983 3647 1135 3731 derogare
1146 3647 1181 3710 in
1196 3647 1303 3731 aliquo
1315 3647 1410 3730 regiis
1422 3642 1608 3729 privilegiis,
1618 3643 1725 3724 cartis,

576 3746 793 3825 libertatibus,
819 3747 962 3826 statutis,
986 3757 1043 3812 aut
1070 3747 1286 3814 laudabilibus
1315 3744 1606 3811 consuetudinibus
1635 3748 1726 3832 regni

576 3849 703 3934 Anglie,
718 3871 781 3933 que
807 3858 990 3914 etantanto
1015 3858 1147 3932 tempus
1176 3849 1369 3933 predictum.
1413 3846 1614 3912 Ordinamus
1628 3848 1727 3913 etiarn

578 3951 667 4038 quod
681 3951 767 4016 idem
783 3950 856 4014 Rex
870 3950 965 4015 dictis
981 3950 1164 4016 Beronibus
1190 3949 1357 4036 indulgeat
1371 3959 1405 4014 et
1422 3949 1568 4015 remittat
1595 3973 1725 4017 omnem

579 4074 758 4133 rancorem,
777 4075 874 4139 quem
896 4053 1015 4120 habeat
1037 4053 1191 4120 adversus
1217 4074 1273 4118 eos
1298 4051 1468 4119 occasione
1493 4053 1725 4137 premissorum
