3930 5088
548 592 804 639 vresoorrrrusr
830 589 1113 638 nounouranuu.
1363 572 1405 641 79

263 741 383 807 seirent
396 741 495 808 illam.
539 743 632 808 'lime
646 744 709 830 ipsi
723 744 936 824 intraverunt,
950 743 1006 829 qui
1026 764 1139 808 omnes
1158 739 1258 826 positi
1278 737 1404 802 suntin

259 844 388 909 'lbrrim
402 845 437 909 in
451 846 607 926 custodia,
621 847 736 912 litteris
749 848 847 932 Regis
862 848 903 913 de
918 847 1081 913 conductu
1095 845 1195 910 nichil
1208 842 1255 907 eis
1269 840 1406 906 valenti·

259 944 332 1010 bus.
371 947 449 1032 Ipsi,
467 957 586 1028 autem,
603 960 829 1015 remanserunt
842 950 964 1015 ibidem
978 971 1036 1036 per
1050 958 1154 1014 totam
1172 947 1261 1011 illam
1275 953 1404 1009 noctem

259 1059 293 1112 et
306 1070 365 1133 per
378 1058 485 1114 totum
500 1049 586 1114 diem
601 1063 809 1135 sequentem3
831 1073 902 1117 sero
916 1061 1026 1116 autem
1040 1052 1137 1131 lacto,
1153 1047 1309 1135 segregati
1328 1053 1406 1110 sunt

258 1161 292 1215 et
310 1151 435 1216 dimissi
456 1154 588 1217 suntin
610 1153 762 1219 bellivem
778 1154 895 1235 Castri,
910 1165 944 1219 et
964 1155 1011 1219 ibi
1032 1152 1188 1239 hospitati
1209 1171 1334 1228 omnes,
1349 1170 1405 1212 ex·

260 1254 362 1338 ceptis
385 1255 523 1334 Maiore,
551 1255 678 1320 'lbome
706 1257 747 1322 de
769 1257 981 1337 Pivvelesdon,
1010 1251 1298 1332 Micheele'l'bovi,
1328 1252 1402 1316 Ste-

256 1355 366 1441 phano
389 1358 538 1443 Bugerel,
552 1358 705 1424 Jobanne
724 1360 764 1424 de
788 1360 890 1438 Flete,
910 1380 1048 1444 quorum
1070 1379 1205 1444 corpora
1227 1357 1298 1421 Rex
1313 1354 1403 1419 dedit

257 1460 402 1526 Domino
418 1461 590 1542 Eduardo,
604 1462 660 1547 qui
674 1472 899 1527 remanserunt
913 1464 947 1526 in
961 1461 1067 1526 Turri.

300 1565 419 1628 Postea
433 1564 595 1628 Dominus
611 1565 693 1644 Rex,
707 1564 861 1629 recedens
875 1567 916 1629 de
929 1565 1188 1642 windleshores,
1201 1561 1292 1627 venit
1314 1561 1403 1624 Ion-

257 1665 374 1745 doniis,
383 1687 504 1731 vocans
514 1666 612 1731 Cives
626 1667 774 1731 inimicos
790 1689 877 1746 suos,
887 1677 921 1733 et
935 1668 1025 1732 dedit
1039 1668 1223 1753 plusquam
1238 1663 1404 1749 sexaginta

258 1769 373 1833 domos
398 1768 538 1849 Civium,
560 1770 623 1834 illis
645 1792 720 1834 eum
741 1778 811 1834 tota
832 1769 952 1834 familie
973 1791 1032 1834 sua
1053 1769 1129 1834 inde
1152 1767 1283 1854 ejectis3
1313 1765 1403 1830 dedit

257 1871 404 1935 similiter
425 1871 535 1935 omnia
554 1871 641 1937 bone
660 1871 800 1950 Civium,
818 1893 881 1956 que
902 1871 1086 1936 babuerunt
1107 1879 1197 1936 extre
1218 1869 1404 1947 Civitatem,

256 1982 295 2037 ut
315 1973 348 2037 in
365 1974 489 2054 Lenna,
505 1974 702 2054 Gememue,
716 1987 751 2039 et
771 1974 841 2040 eliis
856 1974 1016 2059 portubus
1031 1974 1139 2040 maris.
1184 1972 1282 2058 Cepit
1302 1972 1400 2038 etiam

256 2097 369 2141 omnes
384 2087 484 2142 terras
499 2099 612 2143 eorum
632 2079 779 2143 foraneus
804 2078 839 2141 in
854 2100 953 2144 manu
968 2100 1037 2158 sua,
1062 2087 1097 2143 et
1111 2077 1219 2142 omnia
1243 2077 1330 2140 bone
1344 2076 1405 2141 ibi·

257 2179 332 2243 dem
359 2179 493 2243 invente
518 2179 679 2245 destruxit
703 2190 738 2245 et
759 2181 908 2246 vastavit.
952 2181 1046 2246 'hanc
1074 2181 1178 2246 factus
1201 2188 1254 2245 est
1280 2177 1402 2244 Custos

257 2282 406 2347 Civitatis
427 2283 576 2348 dominus
601 2284 701 2368 Hugo
726 2283 812 2348 filius
832 2284 964 2364 Otonis,
991 2283 1258 2348 Constabularius
1279 2282 1403 2362 Turris,

255 2394 290 2450 et
303 2395 437 2450 vocatus
452 2395 504 2450 est
519 2386 733 2466 Senescallus,
757 2387 812 2472 qui
835 2387 1006 2453 constituit
1020 2387 1081 2452 sub
1098 2409 1132 2451 se
1148 2386 1231 2452 duos
1247 2384 1401 2464 Bellivos,

255 2488 376 2553 scilieet
389 2489 574 2554 Johannem
588 2490 735 2556 Addrien
749 2500 784 2555 et
798 2491 979 2558 Walterum
1003 2491 1117 2570 Hervi,
1132 2490 1198 2576 qui,
1221 2491 1293 2556 loeo
1307 2489 1403 2554 Vice-

253 2591 420 2670 eomitum,
435 2591 621 2656 custodient
636 2589 820 2657 Civitatem.

298 2693 416 2756 Postea
432 2691 529 2757 Cives
544 2693 691 2777 predicti,
701 2693 756 2778 qui
770 2694 902 2759 fuerunt
915 2694 949 2758 in
964 2694 1083 2759 bellive
1094 2694 1134 2757 de
1145 2695 1402 2774 Windleshores,

254 2817 313 2881 per
326 2794 488 2860 licentiam
503 2794 639 2859 Domini
654 2794 752 2879 Regis
768 2804 802 2859 et
825 2795 883 2858 lilii
904 2796 954 2859 sui
978 2793 1144 2859 deliberati
1160 2804 1237 2859 sunt
1258 2804 1292 2859 et
1305 2817 1402 2860 vene·

253 2908 331 2963 runt
342 2917 455 2961 omnes
467 2896 507 2960 ad
523 2895 724 2974 Londonias,
736 2895 787 2961 die
803 2896 826 2961 J
828 2896 898 2960 ovis
912 2895 1145 2981 proximapost
1159 2896 1280 2960 festum
1291 2896 1401 2961 Sancti

256 3001 345 3065 Luce
370 2999 596 3084 Evangeliste,
611 2998 754 3083 exeeptis
776 2998 915 3063 Ricardo
942 2998 1182 3076 Bonaventure,
1207 2995 1340 3063 Simone
1362 2999 1403 3063 de

256 3101 456 3179 Hadestoke,
471 3099 648 3164 Willielmo
663 3099 704 3164 de
721 3099 821 3179 Kent,
836 3110 870 3164 et
895 3099 1092 3165 Eadmundo
1108 3098 1148 3164 de
1168 3099 1267 3177 Esex,
1283 3100 1337 3185 qui
1351 3124 1401 3167 re-

252 3211 451 3282 manserunt,
467 3213 500 3266 et
513 3202 690 3266 Willielmo
705 3203 746 3266 de
762 3201 969 3268 Glouvernia.

298 3305 367 3370 Illis
382 3303 582 3391 temporibus
596 3303 674 3369 feeit
699 3305 863 3370 Dominus
879 3306 950 3369 Rex
964 3303 1036 3389 capi
1051 3302 1180 3369 obsides
1195 3327 1215 3368 a
1228 3305 1400 3390 plusquam

254 3409 419 3493 sexaginta
434 3406 570 3472 Civibus
585 3428 645 3493 pro
660 3408 831 3473 securitate
845 3407 945 3492 peeis,
972 3407 1027 3492 qui
1052 3407 1151 3493 positi
1178 3409 1304 3473 suntin
1317 3410 1399 3475 Tur·

251 3513 335 3589 rim3
358 3511 519 3576 eteoclem
535 3519 681 3596 tempore
695 3510 771 3574 fecit
786 3511 857 3575 Rex
879 3509 969 3573 effari
985 3509 1093 3588 Cives,
1107 3518 1146 3574 ut
1169 3509 1233 3594 ipsi
1246 3511 1400 3576 fecissent

250 3615 349 3679 finem
363 3635 476 3678 versus
491 3634 566 3678 eum
580 3631 640 3698 pro
656 3611 910 3696 transgressione
925 3632 1048 3675 eorum.
1086 3610 1162 3690 Qui,
1174 3611 1285 3676 habito
1300 3613 1399 3678 collo-

250 3718 337 3803 quio,
351 3716 590 3801 responderunt
604 3714 691 3800 quod
713 3713 810 3779 Cives
832 3736 899 3779 non
922 3713 1078 3798 equaliter
1099 3717 1291 3801 transgressi
1312 3727 1398 3782 sunt.

250 3820 392 3887 Quidem
415 3819 503 3885 enim
524 3840 652 3904 semper
673 3819 806 3883 fuerunt
827 3819 868 3882 ad
891 3839 1004 3902 paoem
1029 3818 1164 3884 Domini
1186 3820 1295 3904 Regis,
1317 3843 1399 3906 quos

249 3921 319 4006 ipse
334 3931 413 3985 tunc
427 3922 583 4006 temporis
598 3921 726 3987 vocavit
740 3921 861 3986 amieos
877 3942 965 3986 suos.
1010 3920 1151 3988 Quidam
1170 3933 1278 3988 autem
1300 3924 1398 3988 adhe·

251 4031 364 4086 serunt
387 4020 510 4086 Comiti
533 4023 727 4102 Leieestrie3
749 4032 800 4089 set
828 4024 870 4088 nd
894 4023 958 4088 hoe
984 4024 1096 4090 eoacti.
1141 4025 1207 4089 Sed
1228 4025 1323 4090 multi
1345 4025 1398 4088 alii

250 4122 406 4188 malieiosi
430 4124 528 4209 gratis
550 4124 747 4190 adheserunt
769 4125 856 4190 dicto
884 4124 1006 4190 Comiti
1027 4135 1062 4191 et
1082 4126 1293 4212 complicibus
1318 4127 1398 4206 suis,
