3930 5088
543 545 606 604 110
902 560 1063 606 caorsrcs
1087 560 1263 606 usroauu
1290 561 1334 606 aa

627 709 752 776 Littere
774 711 909 776 Domini
934 711 1086 776 Edwardi
1108 711 1149 778 de
1171 733 1256 778 nova
1278 711 1524 778 Consuetudine
1550 711 1686 780 Civibus

669 812 874 878 remittenda.

582 912 772 992 Edvardus,
787 913 920 978 illustris
943 913 1042 999 Regis
1062 913 1180 1000 Anglie
1201 915 1447 1001 primogenitus,
1461 915 1623 981 universis
1643 917 1686 980 ed

538 1036 620 1099 quos
634 1025 801 1099 presentes
815 1015 923 1081 littere
936 1015 1154 1100 pervenerint,
1168 1017 1305 1082 salutem
1319 1017 1354 1081 in
1369 1017 1524 1082 Domino.
1569 1017 1685 1083 Sciatis

537 1137 598 1180 nos
613 1115 812 1181 concessisse
826 1125 861 1181 et
873 1116 1018 1202 presenti
1039 1116 1160 1201 scripto
1174 1127 1288 1182 nostro
1303 1118 1511 1184 confirmasse
1525 1119 1685 1184 universis

537 1228 571 1282 et
584 1219 719 1304 singulis
736 1218 872 1284 Civibus
888 1218 1144 1300 Londoniarum,
1159 1220 1247 1304 quod
1268 1220 1362 1285 liberi
1382 1230 1417 1286 et
1438 1220 1539 1306 quieti
1554 1221 1620 1285 sint
1634 1222 1685 1285 in·

536 1330 729 1406 perpetuum
755 1341 814 1405 per
837 1329 944 1385 totum
970 1341 1105 1405 regnum
1127 1322 1246 1406 Anglie
1268 1323 1309 1388 de
1324 1344 1410 1387 novo
1424 1322 1544 1386 auxilio
1559 1332 1683 1408 nostro,

536 1422 624 1506 quod
638 1422 795 1488 habemns
810 1422 851 1488 de
865 1421 952 1486 dono
968 1423 1104 1487 Domini
1125 1425 1234 1508 Regis,
1254 1425 1354 1511 patris
1371 1426 1485 1490 nostri.
1530 1426 1583 1490 lta
1596 1426 1684 1509 quod

535 1545 597 1588 nos
619 1546 679 1590 nec
701 1525 837 1590 heredes
862 1523 978 1601 nostri,
1007 1546 1068 1591 nec
1092 1526 1208 1611 aliquis
1233 1548 1292 1611 per
1316 1549 1388 1608 nos,
1413 1527 1466 1591 vel
1491 1548 1551 1612 pro
1577 1525 1683 1607 nobis,

534 1623 655 1709 aliquid
676 1647 695 1688 a
717 1623 853 1691 Civibus
874 1625 1039 1711 predictis,
1053 1627 1178 1693 ratione
1200 1629 1337 1714 predicti
1362 1629 1482 1708 auxilii,
1507 1651 1681 1715 possumus

534 1725 671 1810 exigere,
693 1728 746 1792 vel
767 1727 987 1813 aliquomodo
1002 1729 1194 1810 vendicare3
1216 1741 1268 1796 set
1282 1733 1369 1816 quod
1384 1731 1521 1816 predicti
1536 1731 1633 1796 Cives
1648 1741 1683 1797 et

534 1828 669 1892 heredes
692 1849 816 1909 eorum,
842 1841 910 1895 tam
933 1832 975 1896 de
998 1840 1145 1917 tempore
1171 1833 1325 1918 preterito
1354 1857 1451 1919 quam
1475 1833 1619 1920 presenti
1648 1842 1682 1898 et

533 1929 655 2007 futuro,
682 1929 781 2015 hujus
808 1933 971 2017 gaudeant
1002 1933 1150 1999 libertate
1171 1935 1409 2020 imperpetuum
1435 1945 1470 2001 et
1494 1935 1586 2001 liberi
1609 1958 1682 2021 per·

533 2042 686 2096 maneant
700 2041 734 2096 et
748 2033 860 2117 quieti.
903 2035 944 2098 In
956 2035 1049 2119 cujus
1060 2035 1106 2100 rei
1117 2035 1340 2102 testimonium
1355 2037 1414 2102 has
1428 2038 1537 2102 literas
1552 2047 1680 2102 nostras

534 2133 657 2198 eisdem
681 2133 751 2198 fieri
776 2135 912 2200 fecimus
938 2146 1098 2223 patentes.
1142 2139 1266 2203 Datum
1288 2139 1374 2224 apud
1399 2139 1568 2224 Cipeham,
1591 2140 1681 2225 xxvj.

535 2235 587 2300 die
602 2235 733 2320 Aprilis,
748 2258 834 2304 enno
847 2239 938 2323 regni
952 2239 1088 2305 Domini
1103 2239 1200 2324 Regis
1215 2241 1316 2324 patris
1331 2242 1435 2304 nostri
1449 2240 1484 2304 1⁰.
1498 2241 1609 2306 tercio.

580 2337 620 2400 M
622 2341 833 2404 emorandum
843 2340 931 2425 quod
946 2341 1029 2405 circa
1043 2341 1163 2404 festum
1178 2339 1289 2407 Sancti
1298 2341 1427 2406 Andree
1442 2340 1590 2426 proximo
1604 2361 1679 2425 pro-

513 2437 679 2518 ·teritum,
704 2439 787 2504 obiit
810 2441 963 2506 Clemens
988 2442 1075 2527 Papa
1098 2449 1241 2525 quartus,
1267 2449 1302 2505 et
1325 2449 1402 2526 post
1430 2439 1555 2506 obitum
1582 2462 1677 2505 suum

534 2542 689 2605 remansit
717 2543 811 2606 sedes
848 2542 995 2605 Romana
1029 2563 1131 2605 vacua
1165 2563 1224 2626 per
1259 2541 1393 2626 longum
1429 2551 1571 2625 tempus,
1603 2541 1679 2625 quia

534 2645 732 2723 cardinales,
747 2644 789 2708 ad
802 2665 884 2730 quos
899 2644 1041 2729 pertinet
1054 2643 1179 2722 electio,
1194 2644 1326 2708 fuerunt
1340 2641 1516 2722 discordes,
1529 2644 1576 2708 ita
1590 2645 1679 2730 quod

532 2746 641 2811 nullus
656 2768 741 2832 papa
755 2745 864 2811 extitit
878 2764 937 2830 per
951 2755 1018 2810 tres
1033 2767 1136 2810 annos
1151 2745 1347 2830 etamplius.

575 2849 838 2925 Memorandum‚
854 2848 941 2933 quod
952 2848 1004 2913 die
1019 2848 1138 2912 Martis
1153 2857 1228 2912 ante
1243 2849 1363 2912 festum
1379 2847 1491 2912 Sancti
1505 2847 1678 2912 Laurentii

530 2952 694 3018 Dominus
716 2952 896 3017 Edwardus
918 2951 1051 3016 recessit
1072 2974 1092 3016 a
1113 2949 1294 3016 Londoniis
1315 2949 1564 3034 adpetitionem
1581 2949 1677 3034 Regis

531 3055 677 3133 Francie,
691 3062 730 3118 ut
743 3063 831 3118 esset
850 3053 891 3116 ad
905 3052 1154 3137 parliamentum
1171 3072 1267 3115 suum
1289 3051 1324 3115 in
1341 3053 1496 3130 Francia3
1519 3053 1586 3136 qui,
1601 3074 1675 3116 cum

529 3158 672 3222 venisset
687 3155 868 3239 navigando
887 3153 975 3238 apud
999 3152 1223 3230 Graveshend,
1238 3153 1363 3217 invenit
1371 3159 1385 3232 l
1397 3153 1516 3218 ibidem
1532 3155 1677 3239 hospita·

529 3266 600 3320 tum
616 3258 737 3339 Regem
753 3253 956 3332 Alemannie,
970 3253 1167 3318 avunculum
1183 3273 1290 3331 suum,
1312 3251 1368 3336 qui
1389 3264 1522 3318 venerat
1537 3254 1577 3319 de
1592 3264 1676 3319 terra

529 3379 608 3436 sua3
629 3356 717 3420 unde
742 3355 904 3420 Dominus
930 3354 1110 3419 Edwardus
1136 3353 1316 3439 hospitavit
1337 3375 1372 3417 se
1392 3353 1479 3439 apud
1504 3355 1676 3420 Nortflete.

529 3460 570 3525 In
607 3457 783 3523 crastinum
819 3479 896 3522 vero
933 3458 1097 3542 predictus
1135 3459 1206 3522 Rex
1242 3465 1277 3522 et
1311 3457 1477 3542 predictus
1511 3458 1675 3522 Dominus

528 3559 708 3625 Edwardus
730 3558 915 3623 habuerunt
935 3559 1020 3624 inter
1043 3580 1079 3622 se
1101 3579 1254 3643 magnum
1277 3568 1311 3621 et
1330 3556 1464 3640 longum
1479 3557 1675 3642 colloquium

528 3681 626 3746 super
651 3659 910 3724 transfretatione
934 3659 1012 3723 dicti
1040 3658 1193 3724 Edwardi
1221 3668 1256 3722 et
1284 3657 1380 3720 rebus
1409 3654 1490 3720 aliis.
1556 3656 1675 3721 Postea

528 3762 634 3826 dictus
664 3759 829 3825 Dominus
858 3760 1038 3825 Edwardus
1066 3759 1233 3844 profectus
1262 3766 1313 3820 est
1341 3776 1455 3819 versus
1486 3754 1673 3824 Doveriam.

527 3864 644 3929 Dictus
669 3870 778 3926 autem
805 3862 886 3939 Rex,
913 3859 964 3923 die
988 3858 1083 3923 Jovis
1107 3858 1256 3943 proximo
1281 3864 1446 3941 sequente,
1471 3857 1562 3922 venit
1584 3860 1674 3925 Lon-

526 3966 643 4045 doniis,
672 3974 707 4030 et
728 3963 837 4049 regina
863 3985 921 4028 sua
943 3983 1018 4029 cum
1040 3983 1091 4040 ee,
1114 3982 1210 4046 quam
1234 3979 1339 4044 nuper
1360 3958 1614 4044 desponsaverat
1639 3961 1673 4026 in
