3856 5038
806 563 983 607 neesson.
1417 542 1492 607 cxiii

290 727 340 784 per
354 711 500 768 servicium
514 711 703 789 supradictum
717 714 844 772 similiter
856 716 886 772 in
904 713 1010 772 dictum
1030 715 1204 772 excambium
1217 733 1269 792 pro
1282 714 1415 791 predictis
1428 734 1488 772 ma·

291 807 376 864 neriis
386 807 420 864 de
431 808 606 888 Kenyngton
624 819 652 868 et
666 811 839 870 Vaukeshall
848 813 1061 889 imperpetuum.
1102 813 1198 876 Quare
1211 811 1350 880 volumus,
1361 815 1411 870 &c
1423 811 1489 870 Hiis

287 903 413 972 testibus,
426 907 634 966 venerabilibus
661 910 788 984 patribus
816 907 980 988 J(ohanne)
995 908 1204 985 archiepiscopo
1219 909 1373 966 Centusrie
1397 909 1489 964 tocius

290 999 397 1076 Anglie
421 1004 548 1078 primate,
564 1003 713 1085 S(im0ne)
730 1007 836 1064 Eliensi
846 1009 986 1083 episcopo,
996 1008 1132 1084 magistro
1148 1005 1274 1064 Roberto
1288 1006 1323 1063 de
1338 1005 1488 1074 stratford,

288 1097 485 1157 archidiacono
531 1103 685 1161 Cantuarie
733 1104 897 1162 cancellario
940 1113 1045 1173 nostro,
1084 1103 1216 1162 Johanne
1255 1105 1291 1162 de
1325 1104 1486 1161 Werrenna

287 1195 387 1253 comite
412 1196 532 1268 surreie,
548 1200 673 1258 Henrico
698 1201 732 1258 de
755 1201 920 1260 Lancastria
938 1203 1039 1259 comite
1054 1202 1168 1270 Derbie,
1184 1202 1308 1277 Hugoue
1323 1201 1358 1258 de
1373 1201 1486 1258 Audele

288 1299 389 1358 comite
414 1301 599 1375 Gloucestrie,
623 1305 747 1364 Radulfo
772 1307 873 1365 Basset
907 1307 941 1364 de
963 1307 1105 1386 Drayton,
1131 1306 1259 1364 Henrico
1287 1305 1321 1362 de
1342 1305 1489 1374 Ferrariis,

283 1395 414 1456 Johnnne
432 1401 553 1482 D'Arcy
567 1403 594 1461 le
607 1423 705 1472 neven,
720 1405 872 1462 senescallo
895 1404 1012 1481 hospicii
1030 1405 1128 1473 nostri,
1142 1413 1171 1462 et
1192 1403 1263 1461 eliis.
1305 1403 1415 1461 Datum
1436 1420 1486 1478 per

285 1511 400 1552 manum
413 1505 540 1558 nostram
557 1502 633 1577 apud
656 1503 771 1559 Turrim
791 1502 1003 1561 Londoniarum
1017 1503 1079 1560 viii⁰
1092 1502 1137 1560 die
1153 1502 1286 1576 Augusti
1328 1500 1383 1558 Per
1396 1499 1488 1576 ipsum

285 1587 404 1666 Regem.

327 1695 344 1723 ‘⁴
358 1689 397 1746 Et
409 1692 574 1750 mandatum
586 1702 630 1751 est
645 1694 790 1763 Alienore,
805 1714 860 1771 que
873 1695 929 1753 fuit
943 1715 1014 1753 uxor
1026 1695 1165 1755 Guidonis
1181 1696 1280 1772 Ferry,
1291 1693 1367 1771 quod
1379 1693 1487 1770 prefate

287 1782 452 1843 Elisabethe
466 1787 500 1844 de
517 1787 650 1846 fidelitate
663 1797 692 1846 et
705 1789 766 1847 aliis
781 1791 905 1848 serviciis
920 1791 977 1848 suis
990 1791 1141 1850 intendens
1161 1792 1208 1859 sit,
1223 1799 1305 1868 prout
1321 1791 1409 1848 decet.
1451 1789 1485 1846 In

286 1881 374 1956 cujus,
390 1886 441 1940 dcc.
481 1883 567 1941 Teste
583 1885 662 1962 Rege
684 1885 758 1962 apud
774 1886 890 1943 Turrim
910 1887 1132 1956 Londouiarum,
1146 1889 1177 1944 ιο
1190 1887 1235 1945 die
1255 1887 1388 1962 Augusti.
1431 1885 1487 1944 Per

285 1976 378 2053 ipsum
393 1980 510 2056 Regem.

325 2076 395 2134 “Et
415 2079 578 2136 mandatum
598 2088 642 2137 est
661 2080 807 2148 militibus,
828 2081 923 2139 liberis
944 2081 1113 2150 hominibus,
1127 2101 1160 2141 sc
1183 2082 1245 2141 aliis
1266 2081 1427 2139 tenentibus
1449 2078 1485 2136 de

285 2171 394 2230 duabus
416 2176 543 2251 partibus
562 2177 680 2234 manerii
699 2177 734 2234 de
753 2176 935 2235 Ilhetleshale
948 2179 977 2235 in
992 2177 1126 2236 comitatu
1148 2177 1290 2244 Suffolcie,
1304 2176 1380 2253 quod
1393 2176 1484 2234 eidem

284 2267 448 2329 Elisabethe
462 2273 496 2330 de
509 2272 656 2349 homagiis,
668 2273 858 2342 fidelitatibus,
870 2283 898 2333 et
911 2275 972 2333 aliis
987 2276 1110 2333 serviciis
1126 2276 1183 2333 suis
1193 2275 1368 2333 intendentes
1382 2273 1439 2332 sint
1451 2279 1481 2329 et

283 2370 493 2444 respondentes.
535 2369 570 2427 ln
584 2373 673 2448 cujus,
688 2376 744 2430 &c
757 2381 789 2430 ut
803 2392 896 2449 supra.
938 2372 994 2430 Per
1007 2375 1098 2450 ipsum
1113 2373 1232 2450 Regem.
1509 2394 1511 2399 ’

324 2465 394 2522 “Et
411 2467 574 2525 mandatum
595 2476 639 2525 est
660 2468 769 2544 prefato
783 2468 907 2527 Johanni
921 2469 957 2526 de
981 2468 1100 2528 Sekford
1115 2469 1190 2545 quod
1209 2468 1300 2527 eidem
1316 2465 1481 2525 Elisabethe

282 2551 317 2618 de
331 2561 406 2620 dicto
420 2563 529 2621 redditu
543 2583 594 2621 suo
615 2565 762 2623 intendens
777 2566 813 2623 sit
826 2575 854 2623 et
868 2567 1040 2642 respondens
1058 2566 1141 2642 juxta
1160 2575 1286 2623 tenorem
1302 2573 1377 2622 carte
1393 2564 1481 2640 Regis

283 2659 457 2733 supradicte;
470 2661 533 2717 vult
545 2660 620 2717 enim
633 2660 697 2718 Rex
712 2661 803 2737 ipsum
817 2661 883 2718 inde
897 2679 965 2736 erga
976 2659 1083 2737 Regem
1096 2662 1252 2719 exonerari.
1282 2660 1316 2716 In
1330 2661 1420 2737 cujus,
1429 2664 1480 2718 dcc.

280 2765 314 2813 ut
328 2775 421 2832 supra.
462 2758 518 2815 Per
530 2758 621 2834 ipsum
634 2757 743 2833 Regem
757 2765 787 2815 et
800 2758 956 2814 consilium.

323 2859 340 2886 “
350 2852 410 2909 Pro
425 2851 591 2910 Elisabetha
604 2852 639 2909 de
651 2852 758 2928 Burgo.
788 2852 851 2910 Rex
865 2851 994 2908 omnibus
1007 2851 1044 2908 ed
1057 2869 1137 2926 quos,
1152 2851 1349 2908 &c.salnte1n.
1379 2850 1480 2910 Sciatis

280 2949 441 3024 quodcum
462 2970 553 3027 nuper
570 2969 619 3027 per
640 2958 745 3008 cartam
767 2957 892 3007 nostram
913 2947 1069 3006 dederimus
1091 2956 1120 3004 et
1141 2949 1359 3006 concesserimus
1380 2949 1480 3006 dilecte

279 3048 484 3122 consanguinee
498 3055 593 3104 nostre
608 3045 772 3104 Elisabethe
785 3045 820 3102 de
835 3046 942 3121 Burgo,
962 3063 1016 3120 que
1035 3045 1091 3102 fuit
1103 3063 1175 3102 uxor
1190 3044 1298 3120 Rogeri
1312 3044 1480 3123 Demmory,

280 3145 332 3199 dcc.
347 3142 459 3221 (recital
473 3146 506 3202 of
521 3145 569 3203 the
583 3153 664 3204 tenor
678 3144 712 3201 of
727 3142 777 3201 the
796 3143 911 3222 above)
925 3151 1010 3219 prout
1022 3143 1051 3200 in
1065 3151 1144 3202 carta
1157 3151 1253 3201 nostra
1267 3143 1374 3220 plenius
1388 3143 1479 3200 conti-

279 3247 370 3305 netur,
393 3259 455 3306 nos,
477 3240 602 3298 volentes
630 3240 739 3316 prefate
765 3238 929 3298 Elisabethe
953 3240 988 3297 de
1013 3239 1110 3316 Burgo
1137 3239 1166 3296 in
1191 3241 1479 3315 recompensacionem

279 3333 382 3390 valoris
396 3333 481 3390 tercie
495 3336 583 3410 partis
596 3335 712 3393 manerii
725 3334 760 3391 de
775 3334 952 3404 Ihetleshale,
963 3353 1048 3410 quam
1066 3335 1175 3410 prefata
1190 3335 1325 3394 Alienora
1338 3337 1378 3393 sic
1391 3344 1478 3406 tenet,

275 3431 358 3509 juxte
377 3437 528 3488 tractatum
548 3431 685 3489 internos
699 3439 727 3488 et
740 3433 886 3488 consilium
907 3440 1035 3489 nostrum
1055 3441 1084 3489 et
1098 3433 1214 3490 eandem
1229 3432 1424 3492 Elisabethcm
1445 3455 1478 3494 ac

278 3529 433 3606 predictum
453 3527 614 3587 Johannem
635 3528 755 3586 Bardolf
773 3529 803 3584 in
824 3528 878 3585 hac
899 3537 978 3604 parte
999 3528 1128 3585 habitum
1146 3529 1207 3586 fieri
1227 3530 1280 3587 sub
1301 3529 1402 3596 forme,
1424 3551 1478 3608 que

278 3628 413 3704 sequitur,
434 3628 533 3685 eedem
554 3626 694 3686 Alienora
707 3627 829 3694 vivente,
848 3625 1004 3682 remisimus
1022 3625 1129 3702 prefate
1145 3625 1309 3684 Elisabethe
1331 3627 1365 3686 de
1380 3628 1478 3705 Burgc

278 3723 343 3782 illas
357 3723 454 3782 decem
467 3724 553 3782 libres
566 3742 682 3792 monas,
696 3741 766 3798 quas
779 3721 860 3778 nobis
873 3721 910 3778 ed
921 3721 1091 3778 scaccarium
1101 3727 1229 3777 nostrum
1243 3740 1294 3797 pro
1307 3723 1433 3780 manerio
1443 3723 1478 3780 de

278 3819 414 3889 Clarette,
434 3820 546 3878 nomine
560 3818 702 3878 Hemonis
716 3817 751 3875 de
766 3815 903 3886 Creuher,
925 3816 1040 3875 reddere
1061 3819 1202 3885 sonetum*
1223 3835 1332 3874 necnon
1354 3819 1477 3898 quinque

311 3982 325 4008 *
342 3981 393 4028 The
400 3995 485 4027 maner
493 3980 520 4027 oi
528 3981 640 4038 Clarette,
649 3981 674 4026 in
685 3979 727 4026 the
737 3979 816 4039 parish
825 3978 852 4024 oi
861 3978 990 4035 Ysldlsnm,
1001 3976 1113 4024 hundred
1125 3977 1152 4023 ol
1160 3976 1307 4035 Hinclrl'ord,
1319 3989 1380 4026 com.
1392 3979 1476 4037 Essex,

277 4062 320 4108 has
335 4063 376 4108 the
392 4076 462 4108 name
472 4062 499 4108 ol
513 4062 582 4108 Clare
598 4063 623 4106 in
642 4060 782 4119 Domssdsy‚
799 4059 847 4106 and
859 4073 907 4106 was
923 4059 1002 4119 pnroel
1019 4059 1046 4104 ol
1059 4059 1101 4105 the
1116 4059 1211 4104 honour
1227 4060 1253 4105 ol
1268 4059 1326 4106 Rarl
1337 4060 1442 4108 Eustnos
1452 4063 1480 4109 ot

281 4141 411 4201 Boulogne.
444 4143 475 4188 In
490 4157 506 4188 a
521 4157 605 4201 surrey
615 4141 642 4189 ol
655 4143 696 4188 the
712 4141 806 4186 honour
821 4140 848 4185 ol
863 4139 987 4198 Boulogne
1004 4139 1029 4185 in
1040 4139 1081 4186 the
1093 4138 1165 4186 liber
1176 4139 1252 4199 Niger
1262 4139 1387 4198 Sesocarih
1399 4142 1425 4187 iu
1436 4143 1478 4190 the

321 4240 434 4284 cauo.
451 4240 521 4284 soc.
868 4240 887 4298 q
