3856 5038
448 517 512 583 cxii
973 536 1150 582 euersor.

448 691 547 760 feodis,
574 689 816 756 advocacieuihus,
838 691 938 765 percis,
961 687 1063 757 hostis,
1085 689 1243 756 versennis,
1269 689 1444 748 libertatibus
1467 699 1497 748 et
1519 691 1648 748 omnihus

449 791 511 849 eliis
525 787 664 866 predictis,
680 805 791 844 necnon
805 786 896 844 dictus
917 786 1041 844 redditus
1054 786 1153 862 viginti
1175 785 1319 854 librarum,
1334 787 1357 843 si
1372 786 1445 845 idern
1458 785 1602 846 lohannes
1615 786 1650 844 de

451 885 572 946 Sekford
585 883 721 962 prefatam
737 883 930 942 Elisabethnm
944 883 1136 960 supervixerit,
1155 882 1257 942 dilecto
1269 892 1299 942 et
1311 883 1387 942 fideli
1404 891 1504 942 nostre
1526 881 1649 942 Johanni

452 982 612 1041 Burdolfet
623 981 786 1040 Elisabethe
801 981 880 1038 uxori
893 982 955 1058 ejvve
975 980 1031 1038 filie
1044 980 1232 1056 predictorum
1250 981 1357 1056 Rogeri
1380 989 1410 1038 et
1431 979 1604 1047 Ehrabethc,
1618 987 1650 1036 ut

451 1080 547 1139 heredi
560 1079 683 1156 ejusdem
706 1077 820 1154 hogeri,
844 1086 873 1135 et
895 1077 1044 1136 heredibus
1057 1077 1182 1154 ejusdem
1209 1077 1372 1136 Elisabethe
1394 1078 1490 1135 uxoris
1511 1076 1651 1136 Johanuis

404 1191 407 1194 ·
452 1184 621 1242 remsneeut,
640 1173 758 1231 tenende
772 1172 900 1231 videlieet
922 1173 995 1231 dicte
1017 1173 1072 1231 due
1085 1182 1178 1250 partes
1192 1173 1227 1230 de
1241 1173 1322 1231 nobis
1336 1181 1365 1232 et
1378 1172 1528 1232 heredibus
1547 1172 1651 1230 nonnis

452 1291 502 1350 per
529 1271 676 1329 servicium
703 1269 859 1346 predictum
886 1271 1099 1348 imperpetuum,
1126 1272 1156 1329 iu
1176 1271 1350 1328 excambium
1377 1288 1429 1347 pro
1457 1268 1589 1327 maneriis
1616 1267 1651 1325 de

455 1369 628 1447 Keuyngton
642 1377 671 1426 et
685 1366 871 1426 Fuukeshallc
890 1387 954 1426 cum
976 1368 1151 1444 pertinentiis
1169 1369 1198 1426 in
1219 1368 1353 1426 comitatu
1377 1367 1497 1434 Surreie,
1516 1385 1571 1443 que
1590 1383 1652 1442 pre·

452 1466 529 1524 dicta
544 1463 709 1523 Elisabethn
722 1463 757 1522 de
773 1464 870 1540 Burgo
882 1473 958 1522 tenet
970 1465 1007 1523 ad
1020 1467 1169 1524 terminum
1183 1466 1240 1524 vite
1260 1485 1318 1533 sue,
1332 1475 1361 1523 et
1381 1483 1437 1541 que
1457 1471 1651 1541 postmortem

453 1563 578 1640 ejusdem
591 1561 754 1620 Elisabethe
768 1561 802 1620 de
817 1563 914 1638 Burgo
928 1562 1034 1640 prefate
1049 1562 1224 1631 Elisabethe,
1234 1563 1313 1620 uxori
1327 1561 1444 1639 predicti
1457 1560 1606 1627 Johaunis,
1621 1569 1654 1617 ut

454 1661 511 1718 filie
524 1668 553 1718 et
566 1659 660 1717 heredi
673 1658 787 1736 predicti
804 1659 908 1735 Regeri
918 1669 947 1717 et
960 1660 1107 1719 heredibus
1122 1661 1179 1718 suis
1193 1679 1336 1718 remouere
1348 1658 1493 1726 deberent,
1507 1659 1590 1717 nobis
1604 1675 1653 1733 per

454 1757 557 1816 dictam
573 1755 766 1816 Ehzsbetham
777 1757 812 1814 de
826 1757 923 1834 Burgo
936 1758 1068 1816 advitam
1083 1777 1163 1816 suam
1176 1757 1274 1816 dandis
1286 1767 1315 1815 et
1327 1757 1521 1823 concedendis,
1530 1766 1560 1814 et
1571 1756 1652 1813 nobis

453 1855 537 1914 etiarn
551 1863 580 1914 et
592 1853 742 1912 heredibus
755 1855 858 1912 nostris
871 1873 920 1931 per
940 1855 1064 1932 prelatos
1084 1855 1244 1914 Johaunem
1265 1854 1386 1912 Barduli
1403 1863 1433 1912 et
1458 1852 1654 1912 Elisabethsm

454 1973 570 2012 uxorem
596 1953 658 2029 ejus
682 1951 854 2010 remittendis
874 1961 903 2010 et
923 1953 1024 2029 quietis
1038 1953 1191 2012 clarnsndis
1203 1953 1416 2030 imperpetuum.
1457 1950 1654 2010 concessimus

455 2051 568 2128 insuper
591 2068 643 2126 pro
664 2049 744 2106 uobis
766 2058 794 2106 et
817 2050 965 2108 heredibus
983 2051 1087 2108 nostris
1101 2058 1129 2108 et
1142 2051 1195 2108 hac
1209 2059 1287 2109 carte
1304 2058 1401 2107 nostra
1424 2048 1652 2116 confirmavimus

455 2147 532 2225 quod
545 2146 630 2204 tercia
648 2163 714 2221 pers
726 2144 793 2202 dicti
806 2147 922 2204 manerii
940 2145 975 2204 de
989 2146 1168 2206 llketleshalc
1182 2167 1246 2204 cum
1265 2146 1444 2224 pertinentiis,
1464 2164 1551 2222 quarn
1566 2143 1650 2201 Alia-

456 2264 535 2312 nora,
549 2263 604 2320 que
619 2242 676 2300 fuit
695 2261 766 2299 uxor
786 2241 925 2302 Guidonis
940 2243 1034 2313 Ferre,
1048 2254 1125 2304 tenet
1147 2246 1175 2302 in
1197 2245 1292 2303 dotem
1308 2245 1353 2303 vel
1366 2245 1435 2302 elias
1449 2242 1486 2300 ed
1499 2241 1652 2300 terminum

457 2343 515 2401 vite
535 2340 612 2408 sue?
634 2347 665 2398 ct
678 2359 732 2416 que
744 2348 808 2415 post
822 2347 938 2398 mortem
957 2341 1044 2418 ipsius
1071 2343 1205 2401 Aliuuore
1228 2343 1337 2422 adnos
1357 2351 1386 2399 st
1405 2340 1520 2398 heredes
1539 2345 1653 2396 nostros

457 2439 559 2498 reverti
572 2437 694 2504 deberet,
708 2445 772 2515 post
785 2436 929 2495 decessum
949 2439 1037 2516 ipsius
1053 2439 1197 2507 Alienum,
1219 2460 1252 2498 ec
1272 2439 1426 2516 predictum
1446 2437 1603 2495 manerium
1621 2433 1656 2492 de

458 2534 582 2612 Olopton
596 2540 790 2610 postmortem
803 2533 904 2609 prefati
924 2534 1062 2594 ,lobannis
1086 2534 1122 2593 de
1146 2535 1266 2595 Selford
1288 2535 1414 2612 predicte
1436 2532 1600 2593 Elisabethe
1621 2531 1656 2589 de

459 2634 557 2709 Burgc
570 2631 607 2690 ad
618 2639 707 2688 totam
720 2631 808 2688 vitum
821 2630 946 2707 ejusdem
964 2632 1138 2703 Elisabethe,
1153 2635 1176 2690 si
1191 2635 1279 2710 ipsam
1293 2633 1432 2709 predictos
1448 2631 1611 2690 Alienorum
1627 2636 1657 2685 et

456 2729 617 2791 Johennem
631 2727 665 2786 dc
681 2727 800 2786 Sekford
815 2729 991 2804 supervivere
1004 2731 1158 2804 contingat,
1172 2737 1202 2787 et
1215 2729 1346 2807 predictis
1360 2727 1485 2788 Johanni
1496 2725 1618 2785 Burdolf
1627 2732 1657 2782 et

459 2825 624 2885 Elisabethe
633 2826 715 2884 uxori
722 2825 784 2902 ejus
792 2833 821 2882 et
830 2824 978 2883 heredibus
987 2825 1073 2902 ipsius
1085 2825 1256 2892 Elimbethe,
1262 2826 1356 2882 uxoris
1370 2822 1495 2901 ejusdem
1508 2821 1656 2888 iohannis,

458 2932 652 3003 postmortem
665 2923 852 3000 predictorum
870 2921 1035 2981 Elisabethc
1054 2922 1088 2981 de
1115 2923 1219 2999 Burgo,
1247 2922 1388 2990 Alienorc,
1413 2930 1443 2979 et
1462 2919 1600 2978 Johannis
1623 2917 1657 2974 de

460 3020 582 3080 Sekiord
592 3028 762 3086 remaneant,
776 3017 906 3077 habenda
918 3027 948 3076 et
960 3021 1081 3078 tenenda
1101 3019 1128 3076 in
1149 3020 1242 3076 forma
1254 3018 1391 3096 predicta,
1406 3036 1462 3074 una
1483 3035 1547 3073 cum
1567 3013 1657 3072 feodis

458 3117 590 3182 militum,
604 3115 840 3173 advocaciouibus
860 3113 1047 3184 ecclesiarum,
1066 3117 1166 3191 parcis,
1179 3115 1281 3182 boscis,
1295 3113 1455 3180 werrennis,
1476 3111 1563 3180 feriis,
1584 3129 1658 3168 mer·

460 3212 541 3280 catis,
553 3209 737 3277 libertatibus,
752 3209 845 3266 liberis
867 3210 1121 3280 consuchrdinibus,
1145 3231 1178 3268 ac
1201 3211 1324 3268 serviciis
1345 3210 1503 3268 tenencinm
1518 3217 1575 3264 tam
1588 3207 1658 3264 libe-

462 3325 558 3365 rorum
572 3323 657 3382 quam
670 3306 828 3363 nativorum
840 3313 870 3362 et
883 3306 1011 3363 omnibus
1024 3306 1086 3364 aliis
1100 3308 1136 3365 ad
1150 3310 1306 3385 predictum
1318 3307 1473 3365 manerium
1486 3305 1521 3362 de
1536 3304 1657 3380 Clopten

461 3413 490 3463 et
503 3403 614 3461 tertiam
628 3411 735 3480 partem
748 3403 986 3481 qualitercumque
1000 3407 1198 3482 spectantibus,
1212 3405 1247 3464 de
1260 3405 1340 3462 nobis
1354 3413 1382 3462 et
1395 3403 1544 3461 heredibus
1554 3399 1658 3459 nostris

494 3617 509 3648 ⁰
526 3615 647 3671 Alienum,
659 3615 700 3661 the
712 3615 797 3662 widow
807 3615 897 3676 oreuy
909 3618 939 3664 de
951 3617 1031 3676 Ferre,
1042 3633 1090 3666 wne
1100 3620 1215 3667 deceased
1234 3619 1346 3666 teudo.
1360 3615 1556 3675 melittaena
1573 3615 1599 3662 in
1616 3616 1658 3662 the

462 3697 566 3744 Nomina
575 3696 723 3754 Villsrum,9
734 3697 839 3745 Edwurd
851 3699 885 3748 11.
897 3700 923 3745 in
934 3700 975 3747 the
985 3707 1073 3761 oonnty
1084 3702 1110 3748 oi
1119 3701 1221 3760 Suffollr,
1232 3701 1352 3748 Hundred
1364 3701 1395 3747 de
1407 3699 1546 3759 Weyuiord‚
1558 3711 1593 3744 vrs
1605 3697 1661 3743 read

461 3777 622 3834 sskedehsle,
629 3777 734 3836 Domini,
746 3779 871 3826 Comitium
882 3779 1022 3840 Mariscalle,
1032 3783 1114 3828 Guido
1125 3783 1205 3842 Ferre,
1216 3783 1232 3829 J
1234 3783 1322 3829 ecobus
1333 3781 1363 3826 de
1375 3779 1497 3827 Feleshcle
1508 3798 1515 3836 ς
1532 3779 1581 3825 und
1591 3778 1662 3824 Hun-

462 3860 521 3906 dred
530 3860 561 3907 de
567 3859 697 3918 OmleIord,
706 3861 816 3922 Cloptou,
826 3863 943 3909 Dominus
953 3863 1055 3910 Thomu
1063 3865 1085 3910 lo
1095 3864 1212 3924 Lstvmer.
1233 3865 1282 3910 But
1290 3863 1317 3910 ei
1323 3865 1433 3924 Gloptou,
1440 3863 1488 3909 eud
1497 3860 1585 3908 severul
1594 3860 1663 3906 other

462 3956 564 4000 munera,
575 3942 642 3988 there
653 3941 672 3989 is
683 3957 714 3989 uo
724 3943 863 4004 inquisition
875 3953 899 3992 nt
910 3945 951 3992 the
962 3946 1020 3992 time
1039 3946 1066 3992 oi
1081 3946 1119 3991 his
1137 3945 1242 4002 decesee,
1254 3945 1268 3992 8
1281 3945 1385 3992 Edwnrd
1407 3944 1453 3992 111.
1466 3943 1529 3990 1334
1542 3960 1549 4000 3
1565 3941 1663 3987 whence

462 4025 481 4072 it
492 4039 546 4084 may
556 4026 586 4072 be
597 4025 701 4072 inierred
713 4025 765 4072 thet
779 4027 810 4072 he
822 4041 869 4072 was
883 4027 959 4073 either
971 4035 1012 4074 not
1025 4041 1041 4073 e
1051 4033 1135 4074 tenant
1146 4027 1170 4072 in
1183 4026 1228 4082 ise,
1244 4041 1272 4073 or
1282 4027 1330 4074 hod
1342 4027 1445 4074 releeeed
1457 4027 1494 4074 his
1504 4023 1575 4072 claim
1585 4022 1611 4067 iu
1622 4019 1664 4067 the

461 4121 526 4155 nme
537 4114 562 4155 tc
570 4109 611 4156 the
623 4109 695 4170 King.
729 4109 812 4157 Guide
821 4109 894 4156 Ferre
906 4125 953 4157 vves
964 4110 1077 4157 deceased
1089 4108 1103 4155 l
1117 4110 1186 4156 Edvv.
1199 4110 1247 4157 111.
1262 4109 1334 4158 1330.
