3856 5038
772 604 949 649 9999999.
1372 582 1463 646 lxxix

262 756 417 813 manerium
431 756 508 815 valet
530 773 708 832 perannum
730 756 760 812 in
784 755 913 814 omnibus
940 755 1062 813 exitibus
1088 773 1153 812 cnm
1179 752 1344 823 redditibus,
1365 756 1462 831 pratis,

261 853 392 928 pasturis,
402 854 526 911 serviciis
535 861 564 911 et
577 853 827 911 consuenrdinibus
837 854 865 910 iv
880 853 976 910 libras.
1018 852 1090 910 Item
1105 852 1201 910 dicunt
1215 851 1292 928 quod
1302 851 1421 909 Issbello
1430 852 1465 909 de

264 947 405 1020 Fortibus,
422 950 575 1009 Comitissn
593 950 779 1020 Albemcriie,
793 958 837 1008 991
857 950 1038 1027 propinquior
1058 949 1139 1006 heres
1160 948 1233 1006 dicte
1248 947 1423 1023 Margarete,
1436 957 1465 1006 et

263 1055 307 1103 est
320 1047 402 1122 plene
415 1048 507 1104 919119.

306 1150 323 1178 “
335 1141 456 1200 Extentn
471 1142 588 1200 manerii
608 1141 644 1200 de
659 1142 683 1200 F
684 1149 845 1199 ressewater
864 1142 893 1198 in
907 1160 980 1198 com.
995 1139 1211 1208 Suthhentouie‚
1226 1137 1302 1215 quod
1315 1140 1370 1197 suit
1384 1139 1467 1198 Mar·

264 1247 360 1314 gerere
375 1239 410 1296 (19
432 1237 556 1315 Ripnriis
570 1238 712 1315 quondum
727 1238 877 1297 Comitisse
898 1235 1037 1305 Devonie‚
1051 1238 1128 1295 factu
1146 1235 1191 1292 dis
1205 1235 1286 1294 Jovis
1300 1236 1329 1292 in
1344 1237 1466 1295 crastino

266 1337 334 1393 festi
365 1335 461 1394 Sancti
484 1335 614 1394 Barnabe
637 1335 769 1411 Apostoli
794 1332 883 1413 (luth
905 1332 997 1412 June)
1020 1353 1094 1392 9999
1118 1334 1198 1409 regni
1223 1331 1312 1408 Regis
1337 1333 1469 1392 Edwardi

266 1433 398 1490 vicesimo
419 1451 469 1509 per
487 1440 692 1490 sacramentum
706 1431 841 1490 Willelmi
855 1431 889 1488 (19
905 1431 1004 1510 Clyve,
1019 1433 1069 1490 819.
1090 1431 1138 1507 991
1156 1430 1253 1487 (119991
1271 1449 1354 1507 super
1374 1450 1466 1489 sacro·

267 1539 391 1588 mentum
406 1549 489 1586 suum
502 1529 579 1606 quod
593 1529 757 1604 Margarete
767 1528 801 1586 de
816 1527 940 1605 Ripariis
954 1529 1044 1586 tenuit
1057 1529 1211 1586 manerium
1224 1527 1258 1584 (19
1273 1527 1467 1597 Fresseweter,

267 1628 378 1685 nornine
403 1627 476 1685 dotis
500 1627 535 1684 de
556 1626 678 1684 Isabells
692 1627 844 1684 Comitissc
859 1625 1022 1684 Albsmsrle
1041 1626 1071 1682 in
1086 1627 1185 1702 capite,
1206 1632 1236 1683 et
1255 1624 1332 1683 (11919
1345 1625 1468 1684 19919119

266 1724 297 1781 19
311 1725 401 1800 capite
421 1743 471 1800 per
491 1723 639 1780 servicium
657 1723 788 1779 militare.
829 1721 903 1778 Item
916 1721 1014 1779 dicunt
1027 1722 1104 1798 quod
1124 1723 1279 1780 manerium
1300 1721 1334 1779 de
1355 1721 1468 1780 Fresse·

269 1829 356 1877 water
369 1819 444 1877 uniet
457 1837 507 1896 per
519 1837 624 1875 annum
638 1819 667 1875 in
686 1818 815 1876 omnibus
836 1819 955 1876 exitibus
976 1839 1041 1876 cum
1061 1819 1214 1876 redditibus
1227 1819 1324 1895 pratis,
1337 1819 1468 1896 pasturis,

270 1917 394 1974 serviciis
414 1925 444 1974 et
463 1915 711 1973 consuetudinibus
731 1923 761 1972 et
780 1915 909 1972 omnibus
929 1914 993 1974 uliis
1011 1915 1131 1972 exitibus
1149 1935 1205 1973 xxv
1219 1915 1318 1974 libres.
1360 1915 1470 1973 Dicunt

268 2013 354 2070 etiam
376 2012 452 2088 qnod
476 2011 599 2070 Issbells
622 2012 657 2069 (19
682 2010 823 2080 Fortibus,
847 2011 999 2070 Comitisse
1020 2011 1201 2082 Albemnrlie,
1222 2019 1265 2070 est
1288 2012 1471 2089 propinquior

272 2110 354 2168 heres
368 2108 490 2186 predicte
505 2108 678 2184 Margnrete,
692 2117 721 2166 et
733 2117 777 2166 est
790 2108 871 2185 plene
884 2109 977 2166 919119.

312 2207 459 2264 “Extorto
472 2205 628 2263 muneriide
639 2205 839 2265 Wrockeshsle
854 2206 931 2283 quod
949 2206 1004 2265 finit
1014 2207 1178 2284 Μαι-999919
1195 2205 1229 2263 (19
1240 2205 1363 2282 Ripsriis
1382 2225 1470 2282 quon·

272 2305 336 2363 dem
357 2304 507 2363 Comitisse
522 2303 660 2373 Devonie,
673 2303 750 2361 19919
769 2303 813 2361 (119
832 2311 862 2361 91
874 2322 948 2362 enno
963 2305 1124 2381 supradicto
1137 2323 1187 2380 per
1202 2305 1312 2379 juratos
1332 2302 1471 2379 predictos

273 2402 321 2479 qui
342 2400 439 2458 dicunt
456 2418 508 2476 per
529 2407 734 2458 sacramentum
753 2419 834 2457 suum
848 2400 925 2476 quod
948 2399 1114 2477 Margarete
1128 2400 1163 2457 (19
1186 2400 1309 2476 Ripnriis
1330 2399 1472 2475 quondam

275 2498 427 2558 Comitisse
446 2497 576 2554 Devenis
595 2498 687 2554 tenuit
707 2498 863 2554 manerium
877 2496 912 2554 de
925 2497 1126 2556 Wroclreshsle
1140 2497 1175 2554 de
1188 2497 1310 2556 Isobelis
1324 2496 1476 2555 Comitisss

275 2595 448 2653 Albemsrlie
469 2595 580 2652 nomine
599 2593 680 2662 dotis,
704 2601 733 2651 et
746 2592 821 2652 dicte
835 2593 956 2652 Isobelle
977 2593 1011 2651 de
1028 2594 1142 2653 domiuo
1163 2593 1244 2670 Rege
1264 2595 1293 2651 iu
1314 2594 1405 2669 capite
1425 2612 1477 2669 per

274 2692 423 2749 servicium
432 2690 563 2748 militare.
604 2689 677 2746 Item
691 2688 788 2746 dicunt
798 2690 874 2765 quod
884 2690 1039 2766 predictum
1051 2691 1208 2749 9199991919
1221 2690 1256 2747 (19
1273 2689 1476 2748 Wrockeshale

275 2788 351 2847 valet
364 2789 394 2845 in
408 2788 537 2845 omuibus
557 2787 677 2844 exitibus
691 2806 726 2843 xv
741 2786 838 2844 libres.
879 2787 990 2844 Dicunt
1010 2789 1095 2844 etism
1113 2786 1189 2862 quod
1207 2786 1332 2862 predicta
1352 2785 1475 2844 Isabello

276 2887 311 2945 de
326 2885 459 2944 Fortibus
478 2883 603 2959 predicte
624 2882 787 2958 Margarete
806 2891 850 2939 est
863 2883 1045 2960 propinquior
1062 2883 1144 2940 heres
1158 2891 1186 2939 et
1200 2883 1281 2958 plene
1293 2884 1384 2940 919119.
1424 2882 1474 2940 In·

276 2983 387 3052 dorsed,
403 2982 507 3040 Corum
521 2979 646 3037 Domino
661 2978 847 3037 cancellario.

317 3079 399 3137 “Pro
410 3077 532 3137 Isnbells
542 3077 695 3136 Comitissa
706 3075 879 3134 Albemorle.
920 3074 996 3140 Quia
1011 3074 1074 3133 Rex
1088 3075 1194 3151 accepit
1208 3094 1258 3150 per
1271 3074 1474 3152 inquisitiones,

278 3193 348 3250 9999
361 3194 412 3250 per
430 3174 618 3233 Melculinum
632 3173 666 3231 (19
688 3172 778 3230 Horis
799 3171 979 3229 Escsetorem
997 3170 1073 3229 ultre
1087 3170 1222 3229 Trentom
1236 3169 1296 3228 fieri
1308 3170 1384 3238 fecit,
1399 3171 1477 3246 quod

280 3268 445 3344 Margaretn
465 3268 499 3326 de
520 3269 643 3345 Ripsriis
657 3267 799 3344 quondum
814 3267 968 3327 comitissa
989 3266 1120 3325 Devonie
1137 3287 1226 3344 nuper
1240 3267 1372 3326 defuncta
1391 3267 1478 3326 nichil

279 3365 371 3422 tenuit
383 3365 418 3421 ds
433 3365 513 3440 Rege
526 3367 557 3422 in
576 3365 665 3441 capite
679 3364 723 3422 die
745 3384 801 3441 que
822 3366 900 3434 obiit,
923 3373 951 3422 91
970 3365 1046 3441 quod
1060 3366 1150 3422 199911
1162 3366 1287 3423 muneris
1300 3365 1334 3422 (19
1349 3365 1478 3435 Pisshoo,

280 3460 443 3530 Newebem,
467 3461 539 3519 Suth
561 3460 709 3529 Lambeth,
732 3461 926 3530 Fressewstre,
945 3461 1141 3529 Wrokesbnle‚
1161 3471 1190 3519 91
1211 3461 1428 3531 Cristecbirche,
1449 3464 1480 3519 in

280 3558 374 3616 dotem
388 3557 423 3615 (19
437 3557 511 3615 (1999
532 3556 687 3614 Beidewini
707 3557 742 3614 (19
766 3556 863 3614 199919
877 3557 1019 3634 quondum
1032 3559 1142 3617 comitis
1162 3559 1293 3617 Devonie
1306 3561 1360 3618 viri
1380 3561 1432 3628 sui,
1451 3541 1481 3618 91

280 3654 358 3733 quod
370 3653 492 3711 Isabello
515 3652 668 3712 Comitissc
689 3650 863 3710 Albemerlie
876 3661 920 3712 991
933 3672 1013 3711 soror
1025 3661 1053 3712 et
1066 3655 1249 3732 propinquior
1269 3656 1350 3714 heres
1363 3657 1480 3733 predicti

281 3750 438 3811 Boldewini
465 3759 494 3809 91
517 3748 598 3827 plene
619 3749 711 3818 etatis,
731 3749 893 3808 mundatum
914 3759 957 3809 est
979 3751 1087 3828 prefato
1112 3753 1269 3811 Maloulino
1293 3754 1370 3830 quod
1392 3753 1481 3812 eidem

282 3849 402 3907 lsnbelle
414 3848 539 3907 manerio
552 3847 677 3925 predicta
691 3867 755 3905 curn
769 3848 952 3925 pertinentiis,
966 3867 1023 3906 999
1037 3869 1101 3908 cum
1120 3851 1249 3908 omnibus
1266 3851 1330 3909 inde
1344 3853 1481 3928 perceptis

282 3953 438 4022 otempore
451 3945 589 4023 capcionis
604 3946 766 4003 eorumdem
779 3945 809 4002 in
828 3965 916 4004 runnu
937 3945 1027 4022 Regis
1046 3946 1146 4004 liberet
1168 3947 1296 4018 1999919,
1320 3948 1399 4006 selvo
1417 3949 1482 4024 jure

284 4042 443 4118 cujuslibet.
485 4042 572 4102 Teste
586 4042 666 4119 Rege
679 4042 755 4119 opud
769 4043 943 4102 Berewicum
957 4062 1040 4120 super
1055 4042 1189 4102 Twedom
1202 4047 1240 4102 rii
1254 4045 1299 4103 (119
1312 4043 1408 4103 Julii.”
