3930 5088
569 687 827 732 vrcsoorrrruu
854 685 1139 730 conooumsusr.
1382 674 1424 732 89

278 837 448 903 dimidium
477 862 618 904 annum:
641 848 675 902 et
703 837 756 901 ille
780 835 1020 921 redemptiones
1049 833 1169 902 debent
1191 859 1261 902 esse
1284 838 1425 917 illorum,

279 941 334 1025 qui
358 949 458 1005 terras
481 941 552 1004 illas
575 949 698 1006 tenent.
743 941 795 1006 Ita
815 940 903 1025 quod
926 939 954 1004 si
976 938 1047 1024 quis
1068 939 1173 1023 possit
1194 941 1303 1004 statim
1330 941 1424 1004 satis-

278 1042 381 1106 facere
397 1043 436 1107 de
450 1043 673 1129 redemptione
689 1064 757 1122 sua,
772 1042 882 1106 statim
897 1040 1015 1106 habeat
1028 1051 1128 1106 terras
1147 1063 1242 1120 suas3
1265 1052 1299 1105 et
1313 1043 1340 1106 si
1356 1065 1423 1108 non

278 1146 392 1229 possit,
408 1147 534 1230 qualem
554 1155 679 1231 partem
700 1144 931 1229 redemptionis
950 1166 1007 1209 sue
1029 1144 1171 1223 solverit,
1186 1145 1283 1210 talem
1298 1155 1423 1230 partem

278 1246 318 1310 de
333 1256 418 1312 terra
432 1271 490 1312 sua
505 1248 640 1327 habeat3
663 1257 697 1312 et
718 1246 883 1312 residuum
897 1257 1061 1311 remaneat
1075 1247 1104 1310 ei
1119 1247 1175 1332 qui
1198 1258 1315 1312 terram
1331 1271 1424 1312 suam

277 1358 378 1428 tenet,
393 1372 495 1436 usque
510 1351 666 1416 terminos
687 1349 862 1434 predictos,
883 1348 947 1412 nisi
964 1348 1094 1413 interim
1116 1350 1291 1414 satisfaciat
1314 1351 1355 1414 de
1373 1371 1424 1413 re·

174 1491 175 1494 =
277 1451 370 1515 siduo
394 1453 625 1538 redemptionis
652 1474 720 1516 sue.
764 1452 889 1515 Eadem
905 1452 1010 1516 forma
1030 1473 1184 1518 concessa
1204 1454 1266 1518 fuit
1288 1453 1343 1528 eis,
1368 1454 1425 1538 qui

277 1555 411 1619 fuerunt
434 1557 468 1620 in
495 1567 600 1621 castro
626 1556 666 1620 de
690 1555 931 1633 Kenelwortbe,
956 1555 984 1618 si
1004 1555 1177 1634 voluerint,
1199 1557 1341 1640 exceptis
1365 1557 1424 1620 do-

279 1659 369 1722 mino
393 1659 535 1724 chrico
556 1659 596 1723 dc
615 1658 803 1740 Hastinges‚
823 1657 956 1721 domino
978 1657 1131 1722 Johanne
1152 1657 1193 1720 de
1215 1658 1246 1721 la
1267 1657 1377 1736 ware,
1391 1668 1425 1723 et

278 1758 334 1823 illo
350 1760 404 1844 qui
419 1761 601 1844 amputavit
618 1783 764 1845 pugnum
779 1759 886 1822 nuntii
907 1759 1043 1823 Domini
1067 1759 1174 1843 Regis.
1220 1761 1283 1838 Illi,
1305 1771 1425 1839 autem,

279 1863 334 1946 qui
363 1863 548 1927 exheredati
571 1873 649 1928 sunt
676 1873 711 1927 et
735 1862 782 1926 nil
811 1862 1026 1947 deliquerunt,
1054 1860 1196 1925 habeant
1224 1869 1324 1925 terras
1349 1884 1424 1926 suas

279 1964 414 2048 quietas,
435 1975 468 2029 et
483 1965 623 2050 dampna
637 1987 696 2029 sua
710 1986 768 2048 per
788 1963 1078 2029 considerationem
1100 1963 1197 2028 curie.
1241 1963 1287 2028 Et
1310 1974 1426 2027 notan-

279 2065 358 2128 dum
383 2067 470 2149 quod
491 2067 526 2129 in
547 2066 660 2151 primis
689 2064 917 2151 pronunciavit
944 2064 997 2128 ille
1023 2065 1176 2150 Legatos,
1200 2065 1287 2150 quod
1317 2065 1425 2145 Carta,

279 2191 375 2253 quam
392 2171 461 2233 Rex
476 2171 553 2234 lecit
567 2171 761 2245 Batonibus,
784 2170 825 2234 de
839 2191 902 2254 qua
917 2169 1065 2252 superius
1081 2168 1203 2233 mentio
1218 2170 1301 2233 facta
1316 2180 1377 2246 est,
1392 2169 1426 2232 in

275 2271 428 2335 omnibus
442 2271 584 2338 articulis
595 2273 661 2336 suis
672 2272 807 2336 firmiter
822 2269 1057 2350 observaretur,
1066 2278 1125 2352 850.
1137 2271 1221 2335 siout
1229 2270 1427 2349 continetur,

277 2372 310 2436 in
335 2378 475 2459 quodam
498 2377 618 2460 scripto
646 2375 723 2439 inde
745 2375 903 2454 confecto,
925 2375 1017 2459 cujus
1039 2373 1268 2458 transcriptum
1291 2373 1427 2436 missum

276 2473 339 2537 fuit
353 2474 486 2559 singulis
503 2476 720 2542 comitatibus
735 2476 839 2560 Regni
854 2477 972 2562 Anglie
991 2477 1032 2541 ad
1046 2476 1230 2560 legendum,
1245 2475 1306 2540 sub
1323 2476 1427 2560 sigillo

276 2577 412 2642 Domini
430 2579 534 2664 Regis.

324 2682 445 2746 Postea
465 2683 574 2746 nuntii
595 2682 745 2747 Civitatis
766 2683 933 2747 redierunt
947 2705 966 2746 a
981 2682 1089 2761 Curia,
1112 2682 1292 2746 deferentes
1316 2703 1425 2746 secum

277 2782 386 2847 literas
416 2784 552 2848 Domini
581 2785 679 2868 Regis
709 2785 833 2848 clausas
858 2793 892 2848 et
914 2794 1073 2867 patentes,
1104 2783 1235 2860 scilicet,
1261 2783 1296 2846 in
1318 2783 1426 2866 vigilia

279 2885 391 2950 Sancti
417 2885 574 2963 Martini3
603 2907 662 2968 per
686 2907 767 2969 quas
793 2906 982 2948 conoessum
1009 2893 1060 2948 est
1080 2883 1127 2947 eis
1151 2894 1189 2947 ut
1209 2884 1364 2968 eligerent
1386 2885 1426 2950 de

278 2988 393 3071 seipsis
415 2987 498 3049 duos
520 2986 664 3074 Ballivos
690 2987 731 3050 ad
754 2985 928 3049 Civitatem
944 2994 978 3049 et
991 2984 1262 3050 Vicecomitatum
1284 2985 1426 3050 Middle·

279 3091 366 3154 sexis
381 3087 630 3153 custodiendum
645 3108 703 3172 per
721 3087 887 3171 antiquam
912 3087 1049 3150 firmam.
1094 3086 1202 3164 Unde,
1226 3087 1260 3150 in
1285 3087 1425 3153 crastino

277 3192 318 3255 ad
341 3191 421 3256 illud
443 3191 585 3256 officium
603 3191 828 3276 exequendum
843 3189 937 3253 electi
960 3188 1094 3254 suntin
1118 3188 1303 3266 Gildhallis,
1318 3211 1426 3256 coram

278 3294 368 3357 omni
391 3294 523 3377 populo,
548 3293 716 3357 Johannes
738 3292 884 3357 Addrien
909 3301 944 3356 et
968 3291 1074 3356 Lucas
1096 3291 1137 3358 de
1159 3293 1347 3373 Batencurt,
1369 3295 1426 3380 qui

276 3396 453 3480 presentati
468 3395 509 3458 ad
524 3395 724 3460 Scaccarium
740 3394 886 3475 admissi!
900 3403 978 3458 sunt
992 3415 1069 3458 vero
1081 3403 1115 3458 et
1125 3395 1235 3480 jurati.
1429 3423 1469 3484 fo,
1482 3423 1529 3470 100
1540 3431 1573 3475 s,

321 3501 449 3578 Postea,
474 3498 509 3562 in
534 3500 618 3563 festo
642 3499 759 3563 Sancte
784 3497 884 3562 Lucia
905 3497 1059 3581 Virginis,
1080 3506 1220 3562 castrum
1239 3499 1279 3562 de
1304 3498 1425 3564 Kenel-

276 3603 400 3667 worthe
416 3601 579 3666 redditum
594 3610 646 3666 est
663 3600 809 3668 Domino
832 3600 934 3684 Regi3
956 3600 992 3664 in
1014 3598 1203 3665 obsessione
1220 3601 1313 3685 cujus
1328 3602 1425 3666 castri

276 3707 440 3771 Dominus
467 3707 538 3771 Rex
563 3703 626 3769 luit
653 3725 727 3767 oum
757 3723 897 3787 mangno
912 3701 1089 3766 exereitus
1114 3702 1201 3766 sesto
1231 3701 1423 3768 Natiuitatis

277 3809 387 3874 Sancti
409 3809 432 3873 J
434 3807 570 3874 ohannis
594 3806 743 3891 Baptiste
756 3827 860 3891 usque
882 3805 923 3870 ad
942 3805 1034 3869 illurn
1056 3804 1153 3882 diem,
1176 3805 1263 3890 quod
1282 3815 1424 3870 castrum

274 3910 397 3974 inimici
412 3910 463 3974 sui
476 3920 510 3973 et
524 3908 670 3973 infideles
685 3929 758 3973 curn
771 3908 869 3972 armis
883 3917 1060 3974 tenuerunt
1071 3917 1183 3973 contra
1195 3909 1314 3993 ipsum.

320 4013 394 4077 Hoc
409 4033 505 4091 anno,
520 4021 595 4076 ante
610 4013 730 4076 festum
755 4012 866 4077 Sancti
887 4012 1059 4077 Michaelis
1080 4010 1267 4097 precedens,
1289 4009 1347 4087 illi,
1368 4009 1424 4094 qui

274 4115 382 4181 vocati
397 4123 474 4178 sunt
484 4114 681 4192 exheredati,
695 4123 877 4198 posuerunt
891 4135 926 4178 se
941 4115 972 4178 in
989 4113 1096 4178 insula
1109 4112 1150 4177 de
1162 4112 1236 4197 Ely,
1250 4111 1336 4175 illam
1349 4132 1424 4174 cum

276 4217 373 4282 armis
395 4217 591 4294 munientes,
606 4226 693 4279 etex
709 4217 763 4279 illa
778 4217 971 4281 multociens
988 4217 1146 4294 exierunt,
1161 4213 1375 4297 depredantes
1392 4221 1426 4277 et

327 4339 442 4384 cnuo.
467 4338 541 4382 soc.
1106 4338 1130 4379 u
