3920 5022
511 631 766 676 vrcnoosrrrou
792 630 1077 678 LONBONIARUM.
1348 615 1385 671 ll

240 781 340 845 totius
356 780 505 846 Civitatis
520 797 599 848 tunc
613 784 768 869 temporis
791 806 844 849 xv.
859 787 952 848 annis
968 782 1150 860 transactis,
1167 781 1252 845 sicut
1272 800 1390 866 preno-

238 892 343 946 tatam
358 894 420 948 cst.
448 885 584 971 Propter
598 887 684 970 quod
699 886 805 950 dietus
821 886 945 970 Symon
961 884 1123 949 commisit
1137 905 1196 968 pro
1212 881 1391 947 reverentia

239 986 375 1051 Maioris
400 987 688 1052 Aldermannatum
710 1011 805 1052 suum
830 988 865 1051 in
890 1010 1022 1052 manum
1039 986 1189 1052 Civitatis
1210 986 1244 1048 in
1265 984 1390 1048 miseri·

239 1088 391 1153 cordiam.
437 1090 477 1154 ln
506 1091 623 1175 Vigilia
660 1090 771 1156 Sancti
797 1091 969 1155 Michaelis
998 1091 1166 1175 elegerunt
1191 1087 1322 1171 quidam
1348 1086 1390 1150 de

238 1190 336 1276 ngo
359 1192 554 1257 Nicholaum
571 1193 634 1258 Bat
659 1215 718 1278 per
742 1215 912 1258 assensum
928 1194 1075 1272 Maioris,
1089 1202 1124 1257 et
1139 1192 1312 1276 Magnetes
1326 1189 1391 1254 ele-

238 1305 356 1378 gerunt
377 1296 485 1361 Adam
507 1296 547 1361 de
570 1297 757 1382 Benetleye,
771 1296 1028 1361 contradicentes
1049 1296 1173 1359 dictum
1194 1292 1391 1359 Nicholaum

239 1419 307 1461 non
322 1419 395 1462 esse
417 1398 655 1462 admittendum
677 1421 734 1484 per
756 1399 934 1477 biennium,
957 1407 991 1461 et
1016 1397 1165 1461 exierunt
1187 1396 1254 1459 fere
1276 1415 1391 1458 omnes

239 1499 452 1564 Aldermanni
467 1501 507 1564 de
520 1501 682 1581 Gildhall;
705 1512 739 1567 et
754 1504 910 1567 remansit
924 1501 1101 1566 Nicholaus
1112 1499 1177 1563 Bat
1190 1498 1390 1562 Vicecomes.

329 1603 415 1666 Item
430 1602 609 1668 Nicbolaus
626 1605 698 1668 Bet.
1403 1587 1452 1636 Ψ·
1461 1588 1572 1667 ⁰⁰:²⁸2
1584 1588 1612 1666 *ἶ*

325 1703 432 1767 Adam
448 1704 488 1768 de
504 1704 690 1790 Benetleye,
704 1706 886 1771 Aurifaber.
1396 1657 1597 1785 {aaaron

283 1806 381 1869 Dicto
392 1827 469 1869 vero
493 1807 652 1872 Nicholao
668 1818 777 1872 amoto
793 1809 920 1894 positus
935 1819 986 1873 est
1000 1808 1072 1872 loco
1092 1807 1195 1893 ipsius
1221 1807 1391 1872 Johannes

242 1907 282 1972 de
298 1906 455 1994 Gyseorz.
484 1910 507 1974 J
509 1909 636 1974 ohanne
652 1922 760 1976 autem
775 1913 861 1976 facto
874 1912 1010 1991 Maiore,
1021 1913 1126 1975 factus
1136 1921 1187 1975 est
1201 1910 1391 1974 Vicecomes

243 2011 406 2075 Robertus
418 2012 458 2075 de
475 2012 684 2078 Korenhelle.

285 2113 359 2176 Hoc
374 2136 459 2178 anno
480 2115 601 2180 electus
617 2127 668 2181 est
683 2117 792 2180 Maior
815 2117 958 2181 Michael
979 2117 1073 2203 Tovy
1087 2115 1121 2179 in
1137 2116 1221 2179 festo
1238 2113 1392 2201 Symonis

244 2225 278 2281 et
292 2216 436 2294 Jude,et
458 2219 534 2302 quia
557 2219 722 2284 Dominus
748 2221 820 2285 Rex
841 2229 920 2285 tunc
945 2218 1102 2304 temporis
1126 2229 1194 2283 erat
1217 2217 1251 2280 in
1274 2216 1394 2281 Wallia

243 2319 460 2385 incontinenti
497 2343 564 2386 non
595 2322 657 2386 luit
691 2333 917 2408 presentatus;
954 2324 1011 2387 sed
1044 2331 1170 2407 postea,
1206 2320 1303 2384 tertia
1339 2320 1392 2386 die

238 2433 315 2507 post
331 2423 451 2487 festum
476 2424 587 2490 Sancti
611 2425 720 2505 Bricii,
735 2436 941 2511 presentatus
965 2425 1028 2489 luit
1043 2424 1188 2489 Domino
1205 2422 1287 2508 Regi
1304 2423 1392 2507 apud

238 2525 424 2590 Wudestolr
445 2526 479 2589 in
499 2527 642 2592 adventu
666 2551 726 2593 suo
750 2529 790 2593 de
806 2528 934 2607 wallia,
960 2537 995 2591 et
1016 2526 1182 2591 Dominus
1198 2525 1269 2589 Rex
1285 2524 1391 2588 noluit

239 2651 313 2694 eum
340 2630 510 2694 admittere
539 2631 574 2694 in
600 2630 747 2695 absentia
772 2631 879 2694 fratris
904 2630 966 2708 sui,
993 2628 1133 2692 Comitis
1159 2627 1308 2705 Ricardi3
1332 2626 1391 2691 sed

238 2733 350 2816 posuit
369 2732 505 2797 Civibus
529 2733 616 2796 diem
638 2754 742 2817 usque
768 2732 810 2794 ad
832 2733 886 2815 xiij
904 2731 989 2793 diem
1013 2738 1091 2813 post
1105 2727 1285 2812 predictum
1302 2728 1389 2792 diem

238 2836 325 2919 apud
340 2835 601 2920 Wyndlesoram.
654 2834 707 2896 Ad
734 2854 829 2917 quem
854 2833 940 2896 diem
968 2831 1066 2892 Cives
1088 2839 1247 2893 venerunt
1269 2838 1302 2891 et
1316 2850 1389 2911 pre-

238 2939 344 3002 dictus
360 2936 502 3002 Michael
517 2936 604 3020 apud
620 2935 800 3019 predictum
815 2934 936 3012 locum,
951 2931 1133 2994 deferentes
1160 2949 1268 2992 secum
1284 2939 1388 2993 cartas

238 3060 312 3101 suas
328 3039 368 3102 de
383 3039 531 3102 libertate
547 3058 606 3100 sua
621 3046 655 3100 et
676 3035 716 3099 de
739 3035 897 3099 maioratu
907 3057 916 3111 3
940 3031 1058 3117 quibus
1078 3031 1171 3096 lectis
1195 3051 1303 3095 coram
1318 3031 1388 3095 Do-

238 3139 327 3202 mino
343 3140 441 3224 Rege,
464 3139 575 3225 posuit
599 3138 735 3204 Civibus
760 3138 876 3202 iterum
903 3135 1067 3201 Dominus
1093 3136 1164 3199 Rex
1188 3133 1274 3198 diem
1299 3135 1386 3220 apud

237 3238 425 3304 Londonias
440 3241 473 3302 in
489 3241 630 3304 adventu
645 3261 724 3319 suo;
747 3239 802 3324 qui
816 3235 1037 3303 veroveniens
1050 3235 1137 3321 apud
1152 3235 1340 3300 Londonias
1351 3236 1386 3300 in

237 3341 355 3425 Vigilia
371 3340 488 3404 Sancte
505 3341 604 3404 Lucie
620 3342 697 3406 lecit
710 3342 823 3406 venire
838 3362 946 3405 coram
967 3361 1002 3403 se
1017 3359 1131 3402 omnes
1146 3337 1385 3402 Aldermannos

237 3445 386 3510 Civitatis
402 3445 435 3508 in
451 3445 590 3508 crastino
606 3446 694 3530 apud
709 3445 1049 3508 westmonasterium.
1095 3441 1162 3507 Qui
1187 3463 1313 3520 omnes,
1328 3465 1383 3508 ex·

236 3547 337 3631 ceptis
369 3546 528 3610 Michaele
557 3548 661 3632 Tovy,
692 3545 852 3610 Nicholao
881 3545 954 3624 Bet,
979 3543 1106 3607 Thema
1135 3542 1176 3606 de
1206 3543 1384 3622 Dunelmo,

237 3647 377 3712 Radullo
394 3647 553 3733 Sperling,
576 3650 599 3714 J
601 3649 729 3713 ohanne
756 3647 796 3711 de
812 3646 975 3724 Koudres,
986 3644 1088 3730 jurati
1113 3665 1222 3708 coram
1237 3643 1383 3708 Domino

237 3750 337 3834 Rege,
351 3751 526 3815 examinati
540 3751 671 3815 fuerunt
697 3751 737 3814 de
763 3748 919 3814 electione
943 3746 1094 3811 Nicholai
1117 3746 1199 3824 Bat3
1222 3746 1278 3831 qui
1292 3746 1382 3811 dixe·

239 3862 316 3915 runt
341 3853 427 3937 quod
452 3853 515 3938 ipsi
541 3853 806 3917 contradixerunt
827 3850 1017 3915 electionem
1040 3849 1139 3927 illam,
1165 3848 1217 3911 die
1243 3869 1307 3932 quo
1329 3848 1384 3912 illa

181 3982 185 3990 ·
236 3954 321 4017 facta
341 3955 414 4033 luit,
435 3955 510 4039 quia
535 3955 644 4018 nullus
669 3953 859 4018 Vicecomes
882 3954 1014 4017 deberet
1034 3973 1105 4016 esse
1128 3973 1187 4035 per
1216 3950 1382 4016 biennium

238 4054 417 4118 secundum
440 4065 597 4119 statutum
625 4055 775 4119 Civitatis
810 4065 845 4118 et
870 4065 1068 4118 sacramanta
1089 4051 1382 4116 Aldermannorum

235 4167 269 4219 et
293 4157 485 4241 Magnetum
503 4157 663 4236 Civitatis,
686 4179 749 4241 que
773 4159 920 4222 fecerunt
941 4167 1019 4221 tunc
1044 4154 1200 4239 temporis
1223 4177 1266 4220 xv
1290 4157 1384 4222 annis
