3898 5022
835 571 1014 618 nuarncn.
1415 547 1523 615 olxa'xi

318 721 390 780 heve
409 722 465 780 thie
487 723 613 801 finding:
644 725 713 784 “Et
726 725 823 784 dieunt
836 725 913 802 quod
926 724 1086 783 Wilielmue
1100 741 1189 800 nuper
1208 723 1354 800 episeopus
1370 721 1521 791 Nora-ici*

319 815 463 877 Redulfue
491 820 641 879 Cromwell
668 821 807 891 chevaler,
831 822 961 880 dominus
985 821 1020 880 de
1045 819 1200 888 Tateraele,
1229 816 1375 878 Johennes
1402 817 1522 897 Typtofi

318 915 458 988 cheveler,
472 919 602 978 dominus
625 920 659 978 de
682 920 792 998 Powye,
815 920 914 979 Simon
936 919 1070 996 Felbrigg
1084 917 1222 986 chevaler,
1236 915 1382 974 Johennea
1407 916 1522 974 Heren-

318 1013 433 1090 ingham
460 1014 598 1084 chevaler,
620 1015 766 1075 ,lohannes
790 1015 955 1074 Wodehoue
975 1015 1105 1092 armiger,
1120 1013 1282 1072 Willelmua
1302 1013 1418 1080 Paeton,
1443 1011 1523 1070 Tho·

319 1129 380 1169 mee
394 1111 532 1182 Derham,
546 1114 708 1174 Willelmue
727 1113 890 1182 Yelverton,
904 1114 1064 1172 Willelmua
1088 1111 1199 1180 Goode,
1220 1111 1362 1187 armigeri,
1376 1109 1522 1169 Johennee

320 1207 416 1267 Keoke
429 1210 555 1280 eletione,
568 1212 748 1271 etJohnnnee
764 1211 868 1271 Puttoh
881 1211 997 1270 fuerunt
1010 1209 1097 1269 aeieiti
1110 1209 1145 1268 de
1159 1209 1284 1268 menotio
1298 1207 1332 1266 de
1346 1208 1523 1288 Denyngton

319 1451 387 1498 thone
399 1451 425 1498 ol
440 1451 481 1499 the
492 1449 546 1499 etet
557 1453 603 1512 day
613 1453 640 1499 ol
648 1453 704 1501 Jan.
717 1452 775 1501 ldth
786 1469 842 1515 year
853 1454 880 1501 ol
896 1453 933 1500 hie
944 1454 1020 1514 reign,
1028 1468 1054 1500 ea
1064 1459 1089 1500 to
1100 1453 1141 1500 the
1158 1452 1276 1499 revereion
1287 1451 1314 1498 ol
1323 1452 1364 1498 the
1381 1452 1489 1498 moietiee
1498 1452 1526 1497 ol

320 1533 434 1594 Cathorp,
442 1536 490 1580 he.
502 1533 559 1580 held
566 1535 597 1594 by
603 1535 644 1581 the
655 1550 719 1581 nme
729 1536 871 1595 pertieeand
882 1535 953 1582 Anne
965 1535 1031 1596 lady
1039 1534 1159 1591 Cobhum;
1169 1535 1217 1580 end
1226 1535 1292 1580 thone
1303 1533 1375 1580 ofthe
1388 1533 1446 1579 loth
1459 1533 1523 1594 hlay,

225 1621 230 1632 ¹
320 1613 378 1660 ldth
390 1627 446 1674 year
456 1613 483 1659 oi
491 1613 529 1659 hia
539 1614 615 1674 reign,
626 1629 651 1660 ua
666 1619 692 1661 to
708 1615 749 1660 the
766 1629 861 1661 menore
876 1615 903 1661 ol
920 1615 1095 1676 Helloughton,
1113 1614 1204 1671 Onam,
1216 1613 1264 1660 and
1277 1613 1388 1675 Clopton,
1406 1614 1464 1661 with
1474 1614 1523 1660 thia

318 1695 398 1742 elautae
409 1693 531 1754 following
543 1713 550 1752 ς
566 1697 581 1720 “
591 1695 650 1752 Noe,
663 1696 726 1742 bona
743 1702 766 1742 et
777 1695 902 1742 laudibilis
912 1697 1019 1754 aeruloia,
1031 1711 1080 1758 que
1091 1696 1193 1742 dileotua
1203 1702 1228 1742 et
1243 1695 1322 1742 tidelia
1331 1697 1523 1757 oonnnguineua

320 1781 398 1822 noeter
408 1775 532 1822 Johaunee
539 1775 677 1824 Vioooomee
687 1777 718 1823 de
730 1777 864 1824 Beeuruont
872 1779 940 1825 nobie
951 1779 1070 1839 impendit
1077 1779 1204 1840 indieeque
1215 1778 1353 1839 impendere
1363 1793 1413 1825 nou
1425 1778 1523 1836 deaiatit,

320 1861 409 1902 extuno
423 1856 618 1917 oontemplentea,
635 1857 666 1903 de
677 1857 754 1918 gratia
770 1865 850 1904 noenu
865 1859 969 1918 apeoiali,
980 1857 1139 1904 oonoemimue
1157 1857 1223 1917 quod
1240 1858 1305 1904 dieta
1321 1858 1397 1906 honor
1408 1865 1432 1905 et
1443 1873 1523 1905 mune-

321 1938 384 1984 rlum
393 1938 424 1984 de
433 1937 596 1999 Wyrmegaye
605 1939 652 1986 duo.
662 1955 709 2002 que
717 1940 808 2000 prelata
816 1939 832 1988 J
834 1955 911 1988 oanna
919 1942 953 1987 aio
963 1947 1029 1987 tenet
1039 1940 1148 1987 informa
1159 1941 1274 2001 predicte,
1283 1947 1307 1988 et
1319 1957 1374 2001 que,
1385 1942 1405 1987 ai
1414 1943 1464 2003 ipae
1471 1943 1523 1987 aine

319 2021 407 2068 herede
423 2022 454 2067 de
465 2035 563 2082 eorpore
573 2037 616 2068 eno
628 2027 652 2069 et
668 2037 766 2084 oorpore
775 2023 834 2069 dieti
844 2022 960 2070 Willelmi
972 2023 1073 2084 Phelipp
1082 2029 1204 2084 procreato
1215 2025 1281 2070 obire
1292 2025 1425 2085 eontigerit,
1437 2024 1468 2070 ed
1480 2038 1523 2070 noe

318 2107 343 2149 et
353 2103 452 2149 heredes
463 2109 553 2150 nostroe
564 2105 649 2151 roverti
660 2104 787 2162 debebant,
798 2117 827 2151 eo
838 2105 903 2165 quod
919 2105 1041 2165 prodietnn
1056 2104 1192 2152 Willelmua
1209 2107 1310 2167 Phelipp
1321 2114 1430 2153 mortuua
1440 2111 1483 2163 eat,
1494 2121 1522 2152 ao

319 2186 457 2232 medletetee
475 2185 594 2233 dictorum
613 2188 774 2234 maneriorum
794 2188 825 2234 de
845 2187 957 2249 Cathorp‚
982 2188 1029 2235 duo.
1047 2203 1095 2248 que
1123 2189 1221 2249 quidem
1240 2190 1386 2247 medietates,
1405 2189 1452 2236 do.
1470 2195 1523 2249 poet

318 2273 418 2314 mortem
429 2268 535 2328 prediote
547 2269 618 2314 Anne
629 2268 660 2314 ad
675 2269 808 2328 predictam
818 2266 956 2315 ,iohannem
967 2273 991 2314 et
1002 2268 1130 2314 heredibus
1140 2268 1171 2316 de
1183 2283 1281 2330 oorpore
1292 2269 1366 2329 ipeiua
1376 2268 1488 2317 Johanue
1499 2277 1523 2317 et

319 2349 350 2396 de
360 2363 459 2411 oorpore
474 2350 575 2411 predicti
589 2349 704 2398 willelmi
721 2350 823 2412 Phelipp
840 2351 984 2398 exeuntibua
1001 2351 1088 2398 virtme
1104 2350 1222 2398 diotarum
1239 2351 1373 2398 litterarum
1389 2351 1522 2412 petentium

319 2434 407 2480 eisdem
429 2433 550 2479 Willelmo
569 2441 593 2480 et
611 2433 723 2480 Johunne
739 2433 796 2479 inde
815 2433 978 2479 eonleetatum
995 2433 1112 2480 remaneri
1132 2434 1259 2491 debebant,
1276 2448 1304 2480 eo
1321 2433 1386 2496 quod
1402 2435 1524 2496 prediotua

318 2513 455 2562 willelmua
472 2515 576 2576 Clyllord
588 2517 639 2562 aine
650 2516 737 2562 herede
749 2515 779 2562 de
790 2530 887 2577 eorpore
898 2530 941 2562 auo
952 2522 976 2562 et
986 2531 1084 2577 oorpore
1103 2517 1209 2577 prediote
1226 2518 1298 2563 Anne
1315 2521 1437 2576 procreato
1453 2517 1522 2576 obiit,

319 2603 347 2643 ut
357 2599 492 2658 predlotum
503 2605 545 2655 eat,
557 2603 581 2644 et
594 2613 642 2660 que
657 2604 710 2658 poet
728 2603 816 2643 mortue
834 2599 973 2644 earumdem
992 2598 1064 2644 Anne
1081 2603 1105 2644 et
1120 2597 1240 2656 Johanne,
1251 2599 1271 2644 ai
1283 2599 1333 2658 lpeu
1343 2598 1456 2645 Johanna
1472 2597 1523 2644 aine

318 2677 406 2724 herede
418 2678 448 2723 de
459 2691 557 2738 corpore
572 2691 616 2723 auo
626 2683 650 2723 et
666 2689 764 2736 eorpore
783 2677 869 2736 prelati
886 2677 1002 2722 Willelmi
1020 2677 1122 2738 Phelipp
1137 2684 1240 2724 exeunte
1256 2679 1322 2724 obire
1340 2679 1474 2739 eontigen't,
1492 2677 1523 2723 ad

319 2774 363 2806 noa
373 2759 507 2806 etheredo·
523 2764 614 2804 nostroe
624 2757 710 2803 reverti
721 2755 848 2815 debebant,
864 2771 893 2802 ae
910 2758 981 2803 mium
997 2757 1044 2802 ulie
1060 2758 1197 2804 medietetee
1208 2759 1367 2804 maneriorum
1379 2759 1410 2805 de
1421 2759 1523 2818 cloptou

319 2847 343 2888 et
354 2841 444 2898 Caetra,
461 2853 509 2900 que
519 2839 619 2901 quidem
630 2839 676 2884 ἀι.
690 2835 823 2898 (utsupra)
841 2837 932 2898 pretato
948 2837 964 2882 J
966 2837 1057 2883 ohanni
1075 2838 1215 2884 Vioeoomitl
1234 2839 1265 2884 de
1285 2839 1420 2886 Beeumont
1431 2840 1524 2898 integre

319 2927 466 2980 remaneant,
483 2919 596 2966 habenda
614 2923 638 2964 et
654 2917 759 2964 tenenda
776 2917 821 2962 eibi
841 2923 865 2964 et
882 2917 1011 2964 heredibua
1025 2917 1056 2962 de
1071 2931 1169 2978 eorpore
1185 2932 1228 2964 auo
1244 2918 1388 2964 exeuntibus
1406 2919 1524 2978 imperpe-

319 3007 388 3049 tuum
405 3004 435 3050 de
451 3003 520 3050 nobie
532 3001 690 3049 etheredibue
701 2999 786 3046 nost-is
797 3014 840 3060 per
849 2999 948 3045 aer-viola
958 2997 1015 3044 inde
1026 2999 1108 3045 debita
1118 3004 1143 3046 et
1152 3005 1274 3046 oonaueta.
1303 2999 1372 3046 Teate
1384 2998 1450 3060 Rege
1457 3000 1523 3059 apud

321 3079 556 3132 Weetmonaaterlum
569 3089 630 3129 xxx⁰
640 3082 679 3128 die
688 3081 819 3143 Augnati.”

354 3163 448 3222 llenoe,
459 3167 484 3212 ln
495 3181 548 3214 oeae
559 3167 586 3212 ol
600 3166 686 3213 tellure
697 3164 723 3212 ol
737 3165 799 3211 innuo
812 3163 838 3211 ol
851 3163 889 3210 hie
901 3162 1014 3210 deoeneed
1027 3162 1089 3221 wile,
1100 3163 1178 3209 under
1189 3163 1236 3210 th'u
1246 3169 1318 3224 grant
1328 3163 1359 3209 he
1371 3163 1451 3210 would
1463 3163 1523 3210 here

320 3246 381 3290 been
392 3251 475 3292 tenant
487 3248 511 3292 in
523 3249 605 3295 tullos
618 3249 659 3294 the
676 3248 745 3294 landa
761 3247 892 3307 belonging
902 3251 928 3292 to
942 3245 984 3292 the
1003 3245 1085 3305 family
1101 3245 1130 3292 ol
1145 3245 1246 3292 Bardoll
1260 3246 1286 3291 in
1298 3244 1408 3302 Norlollr,
1421 3244 1523 3304 Sunolk,

320 3326 493 3384 Lineolnahire,
505 3329 694 3385 Leleeatenhire,
706 3329 755 3375 and
772 3329 798 3375 ol
815 3328 857 3375 the
873 3343 958 3374 manor
973 3329 1000 3374 ol
1018 3329 1112 3389 Birling
1131 3329 1157 3374 in
1175 3327 1271 3386 Sumen,
1283 3326 1342 3373 with
1353 3327 1488 3374 remainder
1499 3335 1523 3374 to

319 3423 367 3468 any
378 3407 430 3454 heir
441 3407 467 3453 ol
475 3407 512 3453 hie
522 3408 594 3467 body.
630 3409 664 3468 By
675 3409 713 3453 hia
723 3409 810 3454 eeoond
825 3410 888 3464 wile,
908 3409 1048 3466 Katharine‚
1068 3409 1177 3456 Duoheua
1196 3407 1223 3455 ol
1237 3407 1349 3466 Norlolh‚
1361 3409 1391 3455 he
1401 3409 1450 3455 had
1461 3410 1524 3455 ieeue

319 3502 365 3535 one
377 3487 502 3549 daughter,
524 3487 664 3545 Katharine,
683 3489 785 3533 married
797 3497 822 3534 to
834 3488 917 3548 Henry
928 3488 973 3534 laet
990 3489 1054 3534 Lord
1072 3489 1143 3550 Grey,
1160 3489 1187 3535 ol
1205 3487 1312 3547 Codnor‚
1328 3503 1390 3535 eom.
1404 3488 1486 3546 Deru,
1498 3493 1523 3535 to

320 3572 399 3618 whom
410 3572 452 3617 ahe
463 3585 511 3617 wan
522 3570 610 3617 aeeond
621 3570 684 3617 wile.
720 3570 799 3616 hlillee
818 3571 843 3615 in
863 3570 900 3617 hie
917 3569 1049 3631 catalogue
1065 3570 1092 3616 ol
1107 3570 1210 3618 Honour
1226 3570 1308 3616 mallee
1323 3568 1389 3617 John
1407 3568 1524 3616 Vieoount

320 3653 463 3712 Beuumont,
475 3654 552 3701 father
563 3653 589 3699 ol
596 3653 660 3699 Joan
672 3652 727 3699 wile
737 3652 788 3698 flrat
804 3651 831 3698 ol
845 3651 886 3698 Sir
896 3651 1004 3698 william
1016 3651 1180 3714 Willoughby,
1194 3652 1291 3699 brother
1310 3651 1337 3697 ol
1352 3651 1444 3699 liobert
1458 3651 1522 3697 Lord

318 3733 482 3797 Willoughhy‚
493 3736 542 3782 end
553 3735 665 3795 aeeonle
672 3734 698 3781 ol
704 3733 812 3782 Willlam
825 3734 932 3794 Marqule
940 3734 966 3780 ol
978 3733 1104 3794 Berkeley;
1121 3736 1165 3781 but
1178 3733 1297 3795 Dugdule,
1307 3747 1339 3779 on
1351 3733 1392 3780 the
1403 3732 1523 3791 authority

319 3817 346 3863 ol
367 3819 491 3864 evldonoee
512 3824 538 3864 at
555 3817 679 3878 Berheley,
698 3831 750 3878 noya
768 3817 810 3864 ehe
827 3831 875 3864 wea
894 3816 1013 3877 daughter
1032 3816 1059 3862 ol
1071 3814 1112 3862 Sir
1127 3814 1230 3861 'l'homra
1249 3813 1408 3874 strango-ys,
1428 3812 1524 3873 knight,

319 3900 405 3945 aeoond
414 3900 525 3946 husband
537 3898 564 3946 ol
572 3899 614 3946 the
626 3899 733 3945 Dueheee
743 3899 770 3944 ol
779 3898 887 3946 Norlolh.

352 3979 368 4012 *
386 3981 493 4027 Willlam
505 3979 626 4038 Alnwieh,
638 3980 726 4040 Biahop
737 3980 763 4025 ol
773 3979 893 4036 Norwieh,
905 3977 936 4027 27
949 3977 1008 4025 Feb.
1026 3975 1099 4033 1420,
1112 3977 1160 4023 had
1171 3977 1232 4022 been
1243 3974 1372 4021 tranalnted
1383 3979 1408 4019 to
1420 3971 1520 4018 Linooln

321 4059 378 4106 leth
391 4061 456 4122 Sept
466 4061 539 4118 1436,
555 4061 603 4107 and
616 4061 690 4108 henoe
702 4061 742 4108 the
759 4061 902 4121 deeoription
913 4074 939 4105 aa
950 4059 997 4106 late
1013 4059 1101 4117 Biahop
1118 4056 1144 4103 oi
1160 4055 1281 4102 Norwleh.
1317 4053 1357 4100 lle
1368 4051 1423 4098 died
1435 4049 1449 4097 ὗ
1462 4049 1520 4096 Dee.

321 4140 393 4187 1449.
1508 4157 1510 4162 -
