3886 5010
579 544 644 602 240
1050 557 1248 600 snnnnnrx.

578 709 678 768 Regino,
697 707 763 755 mille
774 721 872 764 mxrcss,
882 707 946 754 misit
957 708 1027 754 breve
1038 721 1108 754 suum
1120 709 1218 754 Civibus
1228 713 1256 754 ιιι
1263 721 1343 754 corsm
1354 707 1370 752 J
1372 707 1465 754 obsnne
1478 707 1590 756 Wslersn
1601 715 1660 756 tunc
1672 727 1724 758 cus-

576 789 631 835 tode
642 789 724 834 Turris
734 794 758 834 et
769 788 876 834 Civitstis
887 787 1066 834 Londonisrum
1077 795 1101 834 et
1113 788 1234 834 Willelmo
1249 789 1280 834 de
1292 787 1427 835 Hnselbcch
1444 789 1525 834 messi
1545 790 1645 837 fixissent
1660 793 1725 839 mille

575 877 600 917 ει
615 877 641 914 ve
653 870 721 916 libre.
756 870 789 916 Et
798 877 857 916 tuuc
873 870 945 916 iidem
956 869 1079 916 Johsnnes
1090 875 1114 916 et
1126 869 1261 916 willelmus
1271 871 1380 916 lecerunt
1390 871 1493 916 nidere
1508 886 1580 931 super
1591 879 1644 918 ecto
1655 874 1723 930 viros,

575 951 701 1013 plusquam
713 957 739 995 ve
750 957 774 996 ει
785 951 819 996 lx.
834 950 906 996 librss
915 951 966 996 siue
978 951 1068 996 visneto
1083 951 1187 1009 illorum,
1205 952 1246 998 scd
1264 967 1307 1012 per
1317 952 1433 1011 quosdsm
1444 953 1571 999 molitiones
1585 954 1616 999 de
1630 955 1725 1002 civitate

575 1046 635 1091 qnos
646 1032 694 1091 ipse
705 1030 721 1078 J
723 1031 827 1078 ohannes
836 1030 868 1076 ed
878 1031 924 1076 hoc
934 1031 1040 1091 cligerst.
1073 1031 1105 1076 Ει
1116 1037 1196 1092 postes
1204 1033 1320 1091 quicquid
1329 1045 1372 1091 per
1379 1032 1440 1078 illud
1449 1033 1519 1079 breve
1527 1032 1631 1080 levatum
1639 1037 1724 1092 lueret,

574 1126 688 1158 uenum
698 1112 745 1157 luit
760 1125 804 1171 per
815 1112 931 1157 tisnstum
941 1125 1006 1158 more
1017 1112 1104 1160 debito.
1138 1113 1171 1159 Et
1181 1113 1305 1160 sciendum
1316 1114 1381 1173 quod
1400 1119 1449 1159 toto
1460 1114 1502 1159 ills
1512 1116 1607 1161 musio
1618 1131 1661 1176 per
1671 1133 1723 1177 pre-

575 1196 666 1241 dictum
682 1195 752 1240 breve
769 1207 816 1239 nou
834 1193 976 1239 ssccudebst
990 1195 1021 1240 ed
1040 1194 1106 1240 mille
1124 1194 1196 1240 llbrss
1214 1195 1388 1255 sterlingorum.
1421 1195 1528 1240 Tandem
1547 1197 1666 1255 provisum
1678 1198 1724 1244 luit

575 1291 618 1336 per
628 1282 702 1322 totsm
721 1289 872 1322 communem
892 1285 927 1332 ut,
942 1289 985 1335 ρει·
994 1276 1102 1322 homines
1117 1277 1148 1321 de
1161 1277 1251 1323 visneto
1262 1283 1286 1322 et
1303 1291 1346 1336 per
1356 1277 1464 1323 homines
1475 1278 1506 1323 de
1526 1278 1608 1324 officiis
1623 1281 1723 1338 juretus,

574 1357 835 1413 misenantium,
852 1357 895 1415 qui
914 1357 1015 1403 luissent
1025 1357 1171 1416 temporibus
1190 1357 1311 1403 rotrusctis
1329 1358 1419 1416 grsvnti
1437 1364 1461 1403 et
1473 1359 1514 1416 qui
1531 1359 1656 1418 deporteti.
1691 1361 1723 1408 Et

573 1455 645 1500 super
653 1440 696 1486 hoc
704 1439 786 1484 luisset
796 1438 857 1484 illud
868 1437 992 1498 tullegium
999 1439 1135 1484 ordinatum
1148 1456 1155 1494 ς
1171 1439 1195 1482 in
1205 1452 1253 1497 quo
1260 1437 1357 1497 tullegio
1364 1439 1517 1498 quamplures
1525 1441 1622 1486 luerunt
1637 1441 1722 1500 quicti-

573 1522 676 1578 clsmsti,
695 1527 719 1566 ει
730 1520 841 1580 precipue
852 1520 883 1566 de
894 1519 941 1564 illis
957 1519 999 1578 qui
1015 1519 1113 1565 luerunt
1127 1533 1206 1566 corum
1217 1519 1324 1579 predicto
1334 1519 1445 1566 Johsnne
1457 1527 1481 1566 ct
1494 1521 1614 1568 Willclmo
1628 1522 1721 1570 tellinti.

575 1601 606 1648 Ει
617 1609 675 1647 tunc
685 1601 860 1648 considerstum
870 1600 916 1646 luit
927 1600 957 1645 de
969 1599 1085 1656 Arnsltlo,
1096 1599 1146 1646 illio
1156 1599 1293 1656 Thedmsm,
1304 1601 1366 1646 sicut
1377 1600 1402 1644 ln
1414 1600 1458 1646 hoc
1469 1600 1526 1646 lolio
1538 1608 1640 1649 notetur.

356 1683 402 1738 (ln
414 1685 489 1730 codem
605 1681 727 1728 Arusldus
737 1681 885 1727 Thcdmsrus
896 1680 927 1726 de
937 1679 1021 1726 οοὰεηι
1031 1685 1179 1740 εοηιρειιιιιη
1191 1685 1226 1725 εει
1236 1693 1280 1738 ρει
1291 1679 1381 1725 vicinos
1391 1693 1446 1725 suos
1465 1686 1489 1725 et
1500 1681 1614 1738 quondum
1626 1681 1656 1727 de
1671 1683 1723 1728 eliis

343 1749 408 1806 s⁰l²ll
420 1751 466 1810 ι“’·)
573 1764 666 1820 wsrdis,
677 1763 742 1822 quod
754 1763 818 1808 idem
830 1761 952 1807 Arnsldus
960 1761 1031 1806 nimis
1041 1767 1161 1821 gravetur,
1171 1775 1200 1806 eo
1211 1761 1276 1819 quod
1288 1761 1352 1806 idem
1359 1761 1482 1806 Arnuldus
1492 1763 1523 1806 sd
1534 1762 1721 1822 redemptionem

573 1851 633 1890 κη’.
645 1857 777 1889 msrcsnrm
787 1843 856 1888 solvit
867 1842 932 1902 prius
950 1842 995 1902 iiij.
1006 1856 1097 1888 msrcss
1108 1849 1131 1887 et
1150 1841 1182 1888 xl.
1199 1842 1308 1887 denarios
1319 1842 1350 1887 de
1361 1842 1440 1898 domo,
1460 1857 1533 1902 quem
1544 1844 1661 1890 inbsbitst
1674 1863 1682 1900 ;
1697 1851 1721 1890 et

571 1933 652 1985 postes
663 1940 704 1972 xx.
715 1939 805 1970 merces
815 1938 859 1983 per
868 1924 958 1969 viciuos
968 1937 1031 1970 suos.
1066 1923 1127 1970 Ῑιειιι
1139 1923 1169 1968 de
1180 1928 1309 1983 augmento
1319 1935 1343 1970 v.
1355 1937 1453 1980 mercem
1465 1929 1489 1969 ει
1499 1929 1579 1983 poetes
1590 1938 1611 1972 c.
1624 1939 1721 1983 marcas,

572 2021 619 2065 quc
630 2021 715 2052 essesse
725 2007 823 2052 luerunt
833 2019 912 2052 eornm
922 2004 938 2049 J
941 2005 1034 2050 ohsnne
1047 2003 1194 2050 Wslersund
1206 2009 1229 2049 et
1241 2003 1371 2049 Willielmo
1383 2005 1413 2050 de
1425 2003 1559 2051 llaselbecb
1571 2007 1622 2052 sine
1638 2007 1721 2052 vicinis

571 2089 626 2133 suis
647 2087 731 2133 Postea
741 2086 865 2132 dimidium
876 2099 989 2141 mercem,
998 2090 1022 2131 et
1028 2091 1108 2144 postes
1117 2099 1148 2130 xv
1159 2084 1246 2130 solidos
1257 2085 1287 2129 de
1298 2084 1394 2130 redditu
1404 2099 1455 2131 suo.
1478 2085 1536 2132 ldeo
1547 2087 1721 2134 consideratum

571 2175 606 2214 est
617 2183 659 2226 ρει·
667 2169 785 2228 iuratores
796 2167 861 2227 quod
872 2168 935 2214 idem
947 2166 1069 2212 Arnsldus
1086 2172 1131 2212 stet
1143 2167 1167 2211 in
1187 2181 1244 2226 pnce
1255 2171 1279 2212 et
1295 2167 1325 2211 sit
1336 2167 1432 2225 quietus
1451 2166 1481 2211 de
1492 2167 1599 2226 predicta
1611 2169 1719 2229 redemp-

571 2249 635 2295 tione
647 2255 670 2294 ει
681 2249 768 2294 detine
779 2247 989 2293 millemsrcsrum
1001 2260 1080 2292 venus
1092 2246 1222 2291 Dominum
1235 2245 1325 2306 Regem
1338 2246 1488 2293 Alemannis.

701 2328 750 2373 nn
759 2328 915 2374 consideratio
926 2327 1037 2372 scribitur
1048 2327 1073 2370 iu
1081 2326 1165 2371 rotulis
1176 2325 1284 2371 civitatis
1295 2332 1318 2372 et
1330 2326 1526 2374 Cumersriomm.

604 2409 688 2454 Postes
708 2407 828 2453 Wolterus
848 2407 931 2463 Hervl,
949 2415 1055 2466 tempore
1074 2406 1204 2452 Msiorstus
1227 2407 1272 2462 sui,
1292 2408 1392 2466 sumptis
1410 2422 1491 2454 secum
1513 2423 1574 2467 quos
1592 2410 1666 2456 voluit
1689 2411 1719 2457 dc

570 2488 676 2546 ciuibus,
686 2488 743 2534 lecit
753 2487 834 2533 venire
845 2501 924 2532 ocrem
942 2501 967 2532 se
977 2499 1058 2532 omnes
1069 2484 1159 2531 rotulos
1174 2486 1204 2530 de
1214 2485 1316 2544 tollagiis
1324 2492 1394 2532 untes
1404 2487 1472 2533 tectis
1483 2487 1618 2536 incivitate
1630 2495 1654 2536 ει
1669 2505 1719 2536 om-

570 2582 625 2614 nem
636 2569 762 2629 pccunium
773 2570 798 2614 in
807 2569 853 2614 illis
860 2574 996 2614 contentum
1005 2568 1125 2614 nitebatur
1131 2581 1146 2612 s
1156 2567 1253 2612 Civibus
1264 2569 1400 2627 extorqueri
1412 2576 1437 2615 et
1444 2569 1522 2616 noluit
1529 2571 1601 2617 slicui
1610 2572 1719 2629 slloccre,

570 2652 612 2711 qui
623 2651 687 2697 ultre
697 2652 794 2697 modum
806 2651 900 2697 tinemut
910 2649 999 2711 grnvmi
1017 2648 1080 2695 ultre
1090 2648 1214 2696 facultates
1226 2663 1287 2696 suso
1319 2649 1364 2696 Cui
1376 2651 1509 2698 relsxstum
1525 2651 1571 2698 init
1590 2667 1632 2712 per
1642 2667 1718 2698 sacm-

569 2740 677 2780 mentum
688 2735 771 2781 visneti
782 2735 819 2780 sui
827 2741 851 2780 et
867 2749 910 2794 ρει
920 2734 1009 2780 litteren
1021 2733 1117 2778 Domini
1129 2730 1210 2792 Regis,
1226 2731 1257 2776 de
1276 2732 1321 2778 hoc
1337 2747 1385 2778 non
1396 2734 1495 2780 curavit.
1529 2733 1561 2779 Et
1578 2740 1635 2780 tunc
1646 2735 1721 2794 petits

569 2817 616 2862 mit
626 2817 656 2862 de
667 2817 774 2876 predicto
785 2817 892 2863 Arnsldo
906 2816 1026 2862 Thedmsr
1041 2814 1144 2874 quedsm
1162 2815 1267 2860 maximo
1282 2828 1376 2860 summu
1386 2816 1495 2874 pecunie,
1512 2830 1560 2875 que
1570 2829 1656 2861 assessu
1674 2817 1720 2862 sun

568 2911 640 2956 super
658 2911 713 2942 eum
731 2909 796 2942 more
810 2912 858 2942 non
870 2896 950 2942 debito
960 2897 1012 2941 siue
1024 2895 1106 2954 sliquc
1118 2897 1262 2955 juramento,
1280 2895 1342 2940 ucut
1358 2901 1509 2954 prenotatum
1524 2903 1565 2942 est.
1599 2897 1653 2956 lpse
1665 2911 1719 2944 vero

568 2978 666 3024 moeson
682 2978 713 3023 ed
732 2977 862 3022 Dominum
882 2976 973 3037 Regem
993 2975 1136 3033 chricum,
1150 2983 1209 3022 tunc
1228 2976 1352 3030 viventem,
1371 2981 1396 3022 et
1413 2977 1548 3036 impetravit
1566 2977 1655 3024 littores
1666 2993 1719 3024 suss

570 3058 654 3103 Maiori
666 3064 689 3103 ει
697 3057 795 3103 Civibus
802 3057 910 3114 directus,
919 3072 949 3103 ne
958 3057 1001 3117 ipsi
1010 3062 1092 3102 contra
1099 3056 1286 3103 irrotulntioncm
1295 3057 1482 3102 Csmemriorum
1492 3057 1598 3103 Civitatis
1606 3059 1630 3103 in
1638 3058 1719 3118 nliquo

567 3135 665 3197 grovero
684 3143 866 3196 presumerent3
888 3142 912 3182 et
929 3143 1009 3195 postes
1026 3135 1160 3194 impetravit
1178 3136 1268 3182 litteras
1281 3137 1385 3182 Domini
1403 3137 1525 3195 Edwardi
1544 3139 1587 3184 filii
1605 3141 1651 3197 sui,
1674 3142 1718 3186 sub

567 3217 650 3262 eudem
668 3217 750 3264 forms.
790 3215 844 3276 lpse
867 3223 947 3262 sutem
967 3215 1088 3262 Wsltems
1105 3216 1281 3272 nichilominus,
1303 3217 1419 3276 quamdiu
1438 3217 1517 3264 lucret
1537 3218 1621 3276 Msior,
1639 3220 1717 3280 ipsum

568 3298 704 3344 Amsldum
713 3312 811 3358 gravere
823 3312 870 3344 non
882 3298 968 3354 omisit,
979 3303 1007 3344 ut
1017 3297 1120 3357 petendo
1131 3299 1161 3343 sb
1172 3311 1200 3343 eo
1211 3297 1276 3342 illsm
1286 3312 1404 3344 summam
1414 3301 1516 3359 pecunie
1528 3301 1564 3346 vel
1575 3307 1675 3361 purtem.

601 3378 685 3424 Postea
695 3378 771 3424 iactus
777 3383 812 3424 est
819 3377 1022 3425 MsiorHeurlcus
1033 3377 1055 3423 le
1066 3375 1163 3434 Wuleis,
1174 3378 1225 3436 qui,
1232 3377 1365 3424 convocatis
1372 3392 1453 3424 escum
1462 3380 1605 3438 quibusdum
1617 3379 1716 3427 Civibus

563 3459 650 3520 juretis
660 3459 691 3503 cd
702 3459 861 3505 exsminsndu
870 3459 934 3506 olxrs
944 3461 1063 3520 arreragis
1075 3457 1191 3515 Civitatis,
1203 3460 1245 3517 qui
1256 3459 1343 3505 iterum
1355 3461 1475 3519 quondam
1486 3475 1603 3508 summurn
1616 3463 1717 3521 pecunie

566 3540 598 3584 de
614 3539 722 3597 predicte
742 3541 866 3585 erectione
884 3542 914 3585 sb
932 3554 960 3585 eo
979 3542 1092 3599 petebant
1109 3540 1204 3600 injuste,
1225 3541 1267 3600 qui
1284 3541 1371 3586 itemm
1388 3541 1478 3587 litteren
1489 3541 1587 3586 Domini
1603 3542 1716 3588 Edwardi

568 3618 641 3678 Regis
657 3618 797 3677 impetravit.
830 3619 924 3674 Quibus
939 3620 1005 3666 lcctis
1024 3635 1102 3666 corum
1125 3620 1237 3679 predictis
1248 3619 1339 3666 Maiore
1354 3626 1378 3666 et
1396 3621 1500 3676 Civibus,
1516 3621 1560 3679 ipsi
1571 3621 1717 3678 prebuerunt

565 3713 686 3746 assensum
696 3700 727 3745 ed
738 3699 869 3758 prodictam
880 3700 1068 3746 irrotulstionem
1081 3701 1258 3747 observandum.
1290 3699 1391 3762 nequire
1398 3700 1426 3745 in
1432 3698 1557 3760 princepio
1568 3699 1636 3761 liujus
1647 3700 1711 3748 libri.

597 3861 748 3921 Transcripts
759 3860 902 3906 Litterarum
913 3859 1011 3908 Domini
1024 3859 1097 3921 Regis
1109 3860 1208 3908 Heurlci
1220 3868 1244 3908 ct
1254 3861 1352 3907 Domini
1363 3859 1436 3922 Regis
1447 3861 1569 3922 Edwardi,
1577 3863 1620 3909 lilii
1631 3865 1676 3922 sui,
1688 3865 1716 3912 dc

564 3942 647 4005 ριιῶιω
657 3942 814 4002 mentiosacto
824 3948 854 3989 cst
864 3940 1010 4001 infimiori
1019 3940 1093 3988 istius.

599 4021 744 4088 H(enricus)
757 4025 801 4071 Dei
808 4024 891 4085 grstia,
900 4024 940 4071 ιιι.
949 4023 1087 4069 monstravit
1095 4022 1162 4067 nobis
1170 4021 1362 4070 Axnnlduslilius
1368 4022 1504 4083 Thedmsri‚
1514 4027 1616 4072 concivis
1629 4033 1711 4082 voster,

565 4109 631 4167 quod
643 4123 699 4156 cum
710 4109 778 4155 Cives
789 4109 863 4156 nostri
877 4106 1056 4154 londoniarum
1072 4106 1144 4152 finem
1160 4119 1236 4167 nuper
1247 4119 1290 4166 pro
1301 4112 1360 4155 xxm.
1376 4108 1461 4154 nmrcis
1472 4109 1595 4156 nobiscum
1606 4108 1714 4154 iecissent
