3898 5022
432 552 561 616 clxxviii
941 568 1119 612 euersos.

430 727 620 785 liberaverunt
639 733 669 782 et
688 723 875 782 leoffaverunt
895 721 1012 798 prefatis
1035 719 1178 778 Willelmo
1203 719 1321 798 Phelipp
1345 719 1427 778 militi
1447 729 1477 778 et
1503 719 1636 780 Johmne

431 824 512 881 uxori
532 825 603 899 ejus,
617 821 744 880 habenda
757 820 862 878 eisdem
881 819 1026 879 Willelmo
1042 819 1160 897 Phelipp
1179 829 1207 877 et
1227 818 1359 878 Johanue
1378 828 1408 876 et
1427 819 1577 878 heredibus
1598 820 1635 878 de

430 939 548 997 corpore
568 919 691 996 ejusdem
706 919 840 977 Willelmi
856 918 974 996 Phelipp
994 919 1166 986 exeuntibus,
1181 927 1210 975 et
1223 918 1300 994 quod
1313 919 1337 974 si
1351 919 1496 994 contingat
1513 917 1632 975 eundem

433 1015 607 1072 Willelmum
622 1015 740 1093 Phelipp
755 1016 814 1073 sine
823 1015 925 1072 herede
939 1015 973 1072 de
986 1033 1104 1090 corpore
1119 1033 1169 1072 suo
1182 1024 1302 1072 exeunte
1315 1015 1403 1082 obire,
1417 1016 1528 1071 vivente
1543 1013 1633 1071 Kste

433 1114 496 1170 rina
511 1133 596 1170 uxore
608 1114 723 1172 Andree
738 1113 855 1192 Botyler
869 1113 974 1181 militis,
989 1132 1039 1169 seu
1052 1111 1147 1188 aliquo
1157 1111 1203 1169 vel
1215 1112 1311 1189 aliqua
1324 1111 1458 1170 heredum
1468 1112 1503 1169 de
1517 1129 1633 1189 corpore

433 1210 556 1286 predicte
570 1211 707 1295 Kotes-ine¹
727 1213 865 1288 legittime
885 1220 1011 1278 exeunte,
1033 1210 1109 1287 quod
1129 1219 1197 1268 tunc
1216 1210 1314 1268 eadem
1327 1212 1450 1268 maneria
1471 1229 1535 1268 cum
1549 1209 1634 1286 perti·

432 1309 533 1365 nentiis
546 1319 610 1385 post
623 1318 742 1366 mortem
756 1307 878 1384 predicte
891 1306 1021 1366 Johanne
1035 1308 1129 1365 uxoris
1148 1327 1198 1365 aue
1212 1308 1321 1383 integre
1335 1317 1512 1366 remanerent
1524 1307 1633 1384 prefate

435 1405 579 1476 Katerine,
593 1409 617 1465 si
636 1408 696 1482 ipsa
714 1407 750 1464 ud
763 1417 830 1464 tunc
845 1414 985 1483 superstes
1002 1405 1097 1472 fuerit,
1111 1405 1240 1463 habenda
1254 1407 1306 1462 sibi
1319 1415 1348 1462 et
1361 1405 1512 1464 heredibus
1526 1406 1583 1464 suis
1597 1405 1632 1462 de

433 1523 549 1579 corpore
563 1522 615 1561 suo
628 1503 812 1570 exeuntibua;
835 1511 863 1559 et
885 1503 908 1558 si
927 1503 986 1580 ipsa
1002 1501 1139 1560 Katerina
1159 1503 1263 1560 adtune
1277 1511 1388 1561 mortua
1401 1505 1516 1571 exstitit,
1537 1501 1633 1578 aliquo

432 1599 477 1656 vel
492 1599 586 1676 aliqua
610 1599 741 1657 heredum
765 1599 799 1656 de
821 1617 937 1676 corpore
957 1617 1009 1657 suo
1030 1599 1193 1656 exeuntium
1216 1599 1321 1657 adtunc
1345 1600 1501 1676 superstite,
1515 1617 1550 1656 ex
1565 1607 1633 1656 tunc

433 1697 530 1756 eadem
553 1697 679 1756 maneria
693 1717 757 1754 cum
770 1696 945 1774 pertinentiis
970 1704 1147 1753 remanerent
1170 1695 1318 1754 heredibus
1341 1697 1374 1754 de
1395 1717 1511 1775 corpore
1525 1696 1633 1774 prefate

435 1795 570 1854 Katerine
591 1795 762 1855 exeuntibus.
807 1793 846 1852 Et
860 1793 883 1850 si
897 1813 995 1851 omnes
1010 1792 1169 1869 hujusmodi
1193 1793 1308 1852 heredes
1330 1794 1365 1852 de
1387 1815 1504 1871 corpore
1526 1795 1634 1872 prefate

435 1895 571 1953 Katerine
600 1893 735 1969 legittime
759 1901 892 1950 exeuntes
920 1893 979 1948 aine
1005 1889 1109 1950 herede
1130 1891 1165 1950 de
1186 1895 1350 1969 corporibus
1371 1895 1429 1952 suis
1449 1895 1585 1971 legittime
1604 1901 1634 1952 et

433 1993 582 2069 separatim
610 1999 728 2049 exeunte
750 1991 889 2058 obierunt,
913 1989 990 2066 quod
1012 1999 1079 2047 tunc
1103 1989 1200 2048 eadem
1227 1993 1353 2050 maneria
1374 2011 1438 2050 cum
1458 1992 1633 2069 pertinentiis

433 2092 517 2148 rectis
527 2088 677 2147 heredibus
698 2087 806 2164 prefate
822 2085 958 2144 Katerine
979 2095 1153 2144 remanerent
1166 2089 1377 2166 imperpetuum.
1422 2089 1452 2148 si
1466 2101 1558 2149 autem
1572 2109 1634 2166 pre·

433 2187 492 2244 sata
506 2185 642 2243 Katerina
656 2185 715 2241 sine
729 2182 833 2240 herede
847 2182 882 2240 de
896 2201 1012 2259 corpore
1034 2202 1084 2240 suo
1099 2193 1215 2242 exeunte
1240 2185 1349 2252 obierit,
1364 2186 1440 2262 quod
1457 2195 1524 2244 tunc
1538 2186 1634 2244 eadem

438 2283 560 2341 maneria
573 2302 637 2340 cum
663 2282 835 2358 pertinentiis
857 2289 1061 2357 postmortem
1085 2282 1208 2358 predicte
1231 2283 1362 2342 Johanne
1382 2285 1465 2342 rectia
1487 2285 1635 2342 heredssius

435 2379 551 2456 predicti
566 2377 704 2435 Willelmi
719 2376 837 2453 Phelipp
858 2385 1032 2434 remanerent
1052 2377 1265 2455 imperpetuum.
1307 2380 1418 2438 Virtute
1442 2383 1521 2458 cujus
1535 2381 1632 2438 feoffa-

435 2477 520 2534 menti
550 2475 634 2534 iidem
647 2474 810 2531 Willelmus
833 2473 951 2550 Phelipp
973 2483 1001 2531 et
1022 2474 1156 2534 Johanna
1178 2476 1212 2534 de
1233 2478 1364 2536 maneriis
1386 2479 1440 2536 illis
1463 2499 1527 2537 cum
1551 2479 1636 2556 perti·

433 2575 535 2632 nentiis
548 2583 576 2631 et
590 2573 770 2631 advocatione
784 2572 907 2649 predicta
921 2571 1035 2629 fuerunt
1057 2574 1143 2631 seisiti
1169 2575 1198 2631 in
1221 2575 1313 2634 forma
1333 2577 1458 2653 predicta
1478 2587 1507 2636 et
1529 2587 1634 2636 statum

435 2689 517 2727 suum
538 2669 603 2726 inde
625 2671 860 2726 continuaverunt
881 2677 941 2726 tota
960 2669 1018 2726 vita
1040 2668 1126 2746 ipsius
1151 2670 1286 2728 Willelmi
1308 2671 1435 2750 Phelipp.
1477 2673 1517 2732 Et
1537 2673 1633 2732 dicunt

434 2769 509 2845 quod
529 2767 603 2826 idem
619 2767 776 2826 Willelmus
793 2767 909 2845 Phelipp
924 2768 1013 2824 tenuit
1035 2767 1071 2824 ad
1096 2769 1245 2826 terminum
1267 2771 1324 2828 vite
1349 2772 1462 2830 suedie
1486 2792 1543 2849 quo
1565 2774 1633 2831 obiit

433 2868 586 2926 manerium
600 2866 635 2924 de
651 2866 793 2924 Horstede
807 2886 870 2923 eum
893 2866 1066 2942 pertinentiis
1088 2865 1116 2922 in
1132 2867 1265 2924 comitatu
1283 2869 1406 2944 predicto
1420 2891 1453 2929 ex
1469 2870 1631 2930 dimissione

433 2962 552 3022 Henrici
580 2963 779 3039 archiepiscopi
809 2962 1028 3030 cantuariensis,
1055 2961 1195 3019 Johannis
1222 2965 1345 3040 episcopi
1374 2966 1569 3024 Bathoniensis
1601 2975 1632 3026 et

434 3063 594 3129 wellensis,
610 3061 746 3118 Willelmi
773 3060 894 3136 episcopi
919 3060 1097 3127 Assavensis,
1112 3060 1251 3119 Willelmi
1278 3064 1399 3141 episcopi
1425 3065 1534 3133 Sarum,
1549 3065 1633 3122 Will-

434 3159 500 3216 elmi
528 3159 637 3215 comitis
664 3155 805 3222 Suliolcie,
828 3155 967 3212 Johannis
997 3155 1146 3226 Somerset,
1175 3159 1284 3217 Thome
1308 3161 1486 3241 Bekyngtou,
1516 3163 1633 3221 Ricardi

436 3254 585 3319 Andrewe,
599 3261 627 3310 et
642 3253 745 3309 Adami
760 3251 894 3330 Moleyns
908 3251 1080 3319 clericorum,
1093 3252 1236 3314 Johannes
1249 3257 1404 3336 Hamptou,
1415 3260 1517 3320 Jaoobi
1528 3261 1631 3339 Fenys,

433 3361 462 3408 et
484 3347 618 3405 Willelmi
644 3346 790 3413 Tresham,
818 3347 996 3405 feodatorum
1023 3349 1121 3425 Regis,
1150 3355 1307 3412 reversione
1331 3356 1395 3414 inde
1423 3367 1488 3434 post
1513 3369 1631 3416 mortem

434 3445 558 3522 ejusdem
585 3443 722 3501 willelmi
749 3443 866 3521 Phelipp
887 3444 990 3502 eisdem
1018 3448 1186 3521 spectante.''
1228 3450 1290 3509 Τὴο
1317 3453 1419 3510 annual
1440 3453 1522 3513 value
1536 3456 1568 3512 of
1585 3455 1633 3512 the

432 3545 541 3601 honour
554 3541 607 3600 and
623 3561 722 3600 manor
735 3544 768 3599 of
782 3543 951 3621 Wermegay
965 3543 1031 3602 held
1053 3545 1086 3602 of
1106 3545 1155 3603 the
1170 3547 1249 3624 King
1269 3549 1309 3627 by
1322 3551 1445 3629 military
1458 3553 1564 3610 service
1577 3572 1633 3610 was

433 3640 527 3707 solt,
558 3638 770 3706 Stovvebardolf,
799 3641 895 3708 aoti.;
924 3640 1016 3698 North
1047 3642 1193 3720 Rungton,
1222 3647 1313 3714 loli.;
1341 3648 1396 3706 and
1424 3648 1581 3719 Fareswell,
1605 3650 1634 3706 in

437 3737 590 3816 Fyncham‚
616 3739 652 3794 10
673 3737 787 3806 marks;
815 3739 1004 3816 wanbergh,
1028 3741 1122 3809 30li.;
1150 3742 1279 3822 Cantley,
1302 3747 1341 3802 20
1365 3748 1477 3814 marks;
1506 3748 1634 3825 Strump-

436 3834 522 3902 shaw,
541 3834 634 3902 lolt.;
655 3834 888 3903 Caistor,201i.;
909 3836 1042 3915 Berney's
1057 3837 1121 3905 Inn,
1135 3839 1202 3897 held
1227 3841 1260 3898 of
1279 3841 1327 3900 the
1352 3843 1433 3902 Prior
1447 3845 1480 3902 of
1491 3845 1539 3902 the
1555 3845 1633 3925 Holy

437 3932 549 4010 Trinity
564 3933 597 3990 of
607 3932 741 3990 Norvvich
755 3934 783 3990 iu
798 3953 898 4010 socage
911 3933 950 4012 by
963 3945 1097 4013 payment
1110 3937 1144 3994 of
1155 3957 1207 3996 one
1220 3938 1346 4016 iarthing
1357 3961 1393 3998 on
1409 3943 1509 4000 Easter
1520 3943 1577 4020 day
1590 3943 1635 3999 for

436 4032 472 4089 all
488 4033 601 4102 service,
615 4031 705 4090 worth
718 4032 838 4110 nothing
851 4033 963 4111 beyond
977 4035 1115 4111 reprisea;
1135 4035 1309 4113 Erpingham
1323 4061 1422 4099 maner
1432 4041 1498 4099 held
1512 4042 1545 4100 of
1555 4041 1633 4100 John
