3930 5088
563 593 624 661 lna
928 611 1087 661 cnosson
1112 614 1290 660 ιιΑιοιιιιιι
1316 617 1362 660 sn

562 768 759 846 Fretherico,
780 775 815 832 et
838 767 1011 833 Manlredo
1029 768 1095 833 filio
1121 791 1193 848 suo,
1207 779 1242 834 et
1256 767 1412 853 arreragiis
1426 787 1490 853 que
1505 789 1524 830 a
1537 775 1625 832 retro
1639 759 1710 831 lue·

561 881 638 936 runt
663 881 740 956 post
757 881 895 934 mortem
918 871 996 935 dicti
1021 872 1195 950 Manfredi‚
1211 872 1342 946 scilicet,
1358 893 1416 957 per
1440 870 1585 957 quinque
1604 892 1708 933 annos

561 974 772 1061 dupplicabit.
807 975 946 1060 Insuper
969 975 1049 1060 Regi
1065 975 1199 1040 Francis
1218 984 1253 1040 et
1273 975 1353 1060 Regi
1369 975 1488 1040 Cecilie
1503 975 1593 1040 dedit
1607 974 1709 1038 maxi-

562 1099 647 1140 mam
672 1099 832 1140 summam
853 1077 1011 1161 pecunie3
1033 1099 1147 1142 omnes
1162 1099 1240 1143 vero
1253 1077 1402 1163 prisones
1426 1099 1504 1141 suos
1529 1077 1571 1142 de
1595 1075 1708 1140 Chris-

560 1180 667 1258 tianis,
683 1201 765 1264 quos
780 1178 851 1243 Rex
877 1179 918 1242 de
931 1178 1035 1243 Tanis
1057 1191 1196 1264 ceperat,
1215 1177 1383 1243 deliberati
1397 1189 1484 1257 sunt,
1498 1186 1533 1242 et
1546 1178 1708 1244 noncessit

560 1284 647 1368 quod
663 1282 840 1346 Christiani
855 1282 964 1346 divina
978 1281 1138 1347 celebrare
1161 1291 1196 1346 et
1217 1282 1381 1367 predicare
1402 1282 1444 1347 de
1468 1281 1533 1346 fide
1552 1280 1709 1346 catholica

558 1386 688 1470 possint
709 1406 768 1470 per
792 1407 906 1450 omnes
929 1385 1033 1450 bonas
1054 1386 1146 1449 villas
1172 1407 1258 1464 suas,
1273 1384 1343 1448 sine
1366 1385 1600 1472 impedimento
1615 1384 1709 1448 Sara·

560 1505 725 1566 cenorum,
740 1498 774 1551 et
796 1488 883 1572 quod
899 1486 1077 1552 Christiani
1099 1488 1228 1573 possint
1253 1489 1299 1551 ire
1317 1497 1351 1553 et
1364 1488 1475 1552 venire
1489 1487 1524 1550 in
1538 1497 1624 1552 terra
1639 1508 1707 1564 ιιιιι,

560 1589 645 1654 sicut
669 1600 764 1656 antes
801 1589 973 1670 solebant3
1010 1592 1067 1656 sed
1099 1601 1133 1656 ct
1163 1591 1252 1677 quod
1274 1591 1400 1654 nullum
1423 1590 1590 1655 inimicum
1613 1590 1710 1674 Regis

561 1693 681 1758 Cecilie
706 1693 895 1779 receptabit.
941 1693 1025 1758 Item
1053 1694 1221 1758 sciendum
1236 1704 1298 1772 est,
1313 1693 1401 1778 quod
1425 1702 1501 1756 ante
1516 1713 1628 1776 pacem
1643 1695 1707 1756 lac—

559 1805 627 1860 tam
642 1797 727 1862 inter
751 1797 914 1882 predictos
930 1798 1046 1881 Reges,
1060 1797 1219 1862 existente
1242 1797 1384 1862 exercitu
1400 1795 1658 1861 Christianorum
1673 1797 1706 1858 in

560 1900 704 1983 predicta
718 1899 833 1978 insula,
852 1901 939 1985 quod
963 1899 1114 1964 Coradini
1139 1900 1281 1965 fixerunt
1303 1898 1443 1964 tentoria
1467 1917 1527 1960 sua
1545 1906 1636 1962 extra
1649 1898 1708 1961 vil·

559 2000 623 2064 lsm
638 2023 730 2064 suam
753 2023 812 2084 per
834 2001 914 2066 duas
939 2001 1047 2066 leucas
1061 2024 1174 2068 versus
1197 2001 1375 2067 exercitum
1390 1999 1660 2078 Christianorum,
1674 2011 1709 2065 et

559 2103 644 2167 inter
658 2103 819 2188 predictos
835 2104 918 2168 duos
932 2106 1092 2169 exercitus
1107 2115 1199 2169 erent
1212 2106 1293 2169 adeo
1307 2103 1418 2188 pulcre
1428 2113 1463 2167 et
1476 2103 1540 2167 late
1549 2103 1712 2188 planities,

559 2218 657 2292 prout
681 2217 758 2270 sunt
771 2229 884 2271 versus
905 2208 1136 2283 Sslcsbeream,
1154 2217 1189 2272 et
1203 2207 1292 2272 omni
1307 2205 1359 2269 die
1373 2215 1533 2270 venerunt
1547 2205 1592 2270 ita
1605 2227 1708 2290 prope

558 2310 734 2373 exercitum
751 2309 1021 2388 Christianorum,
1036 2310 1124 2394 quod
1143 2317 1319 2394 potuerunt
1333 2308 1458 2372 trahere
1473 2306 1514 2371 ad
1529 2307 1618 2393 ipsos
1632 2329 1707 2371 cum

558 2410 697 2475 arcubus
720 2411 797 2476 suis.
814 2411 961 2497 Contigit
979 2425 1089 2478 autem
1109 2412 1197 2496 quod
1220 2411 1353 2498 quidam
1368 2410 1545 2475 Christiani
1567 2433 1633 2474 una
1654 2411 1707 2475 die

558 2513 592 2577 in
617 2537 715 2578 manu
740 2515 847 2579 valida
868 2526 903 2579 et
931 2527 1053 2580 armata
1082 2517 1302 2580 militaverunt
1331 2533 1429 2598 super
1461 2512 1648 2592 Saracenos,
1662 2514 1708 2579 ita

559 2618 646 2703 quod
662 2617 752 2703 ipsos
775 2619 967 2703 fugaverunt
981 2620 1070 2705 ipsos
1082 2641 1140 2706 per
1154 2618 1297 2684 medium
1313 2615 1453 2681 tentoria
1468 2638 1527 2681 sua
1542 2626 1575 2681 et
1589 2639 1629 2680 ex
1643 2617 1706 2681 illis

558 2721 747 2786 occiderunt
772 2722 846 2807 plus
870 2745 966 2808 qnam
983 2722 1053 2802 CC,
1067 2734 1101 2786 et
1129 2722 1334 2786 lucraverunt
1358 2740 1456 2804 quam
1484 2719 1594 2804 plures
1616 2720 1708 2806 papi-

558 2824 673 2889 liones.
719 2823 758 2888 In
785 2847 850 2910 quo
874 2828 1027 2892 conflictu
1057 2829 1127 2892 Rex
1158 2825 1292 2890 Francie
1316 2823 1458 2908 perdidit
1486 2825 1706 2888 marescallum

558 2929 719 2993 exercitus
735 2929 796 3009 sui,
814 2941 847 2995 et
861 2932 975 2997 fratres
990 2932 1030 2997 de
1047 2931 1206 2996 Baulrarie
1228 2925 1438 3015 perdiderunt
1462 2925 1501 2990 C.
1524 2928 1565 2991 de
1579 2926 1706 2992 minuto

559 3032 690 3115 populo.
735 3033 782 3097 Et
807 3035 973 3099 sciendum
998 3035 1083 3119 qnod
1109 3035 1182 3098 Rex
1204 3032 1245 3096 de
1258 3029 1362 3094 'lunis
1376 3049 1560 3113 nuncquam
1574 3029 1707 3094 crinita

559 3134 634 3197 villa
649 3157 717 3214 sua,
733 3136 862 3218 quando
885 3137 991 3200 nuntii
1008 3139 1134 3222 Regum
1150 3133 1406 3200 Christianorum
1434 3141 1644 3216 perrexerunt
1665 3131 1706 3195 ad

559 3257 632 3299 eum
659 3258 718 3321 pro
743 3259 822 3321 psce
846 3237 1003 3318 facienda,
1025 3239 1156 3319 scilicet,
1173 3239 1293 3302 Comes
1318 3237 1359 3299 de
1376 3233 1558 3313 Peinthein‚
1572 3243 1607 3300 et
1621 3234 1706 3299 Can·

558 3335 705 3400 cellarius
722 3337 851 3418 Occide,
866 3351 899 3405 et
918 3341 971 3406 ulii
986 3351 1152 3428 magnates
1167 3342 1208 3406 de
1225 3338 1369 3404 exercitu
1384 3334 1582 3402 Christiano.
1628 3337 1704 3423 lpse

559 3439 629 3500 Rex
644 3438 685 3502 de
699 3439 802 3503 Tunis
826 3453 938 3506 contra
959 3445 1048 3529 ipsos
1072 3467 1091 3509 a
1116 3442 1267 3508 cathedra
1290 3462 1350 3504 sua
1374 3437 1480 3504 noluit
1494 3460 1634 3523 surgere,
1648 3440 1706 3506 sed

557 3539 708 3625 princeps
724 3542 765 3606 de
780 3543 898 3609 Arabia
912 3557 946 3610 et
961 3549 1032 3613 Rex
1058 3549 1099 3613 de
1114 3546 1217 3632 Bugie
1231 3543 1381 3609 exierunt
1404 3539 1524 3619 avilla,
1538 3551 1572 3606 et
1586 3540 1707 3608 habue-

557 3651 635 3706 runt
663 3643 860 3728 colloquium
889 3671 963 3712 cum
993 3651 1117 3714 nuntiis
1143 3645 1349 3724 christianis,
1364 3663 1533 3728 quousque
1557 3665 1622 3729 pax
1643 3646 1707 3710 fuit

557 3745 694 3823 firmata,
716 3747 801 3811 sicut
822 3751 1003 3832 predictum
1030 3762 1091 3816 cst.
1146 3753 1192 3816 Et
1214 3748 1381 3814 sciendum
1405 3755 1457 3810 est
1481 3746 1568 3832 quod
1582 3746 1618 3812 in
1631 3756 1704 3814 toto

558 3850 702 3912 exercitu
717 3849 904 3916 Christiano
928 3875 993 3916 non
1011 3855 1144 3919 fuerunt
1170 3853 1341 3940 plusquam
1364 3849 1453 3914 mille
1472 3859 1506 3914 et
1528 3851 1705 3936 octingenti

558 3950 688 4025 milites,
704 3951 744 4016 de
760 3949 877 4037 quihus
894 3957 1014 4020 mortni
1038 3968 1115 4021 sunt
1130 3951 1356 4043 quadringenti
1372 3951 1512 4030 milites3
1535 3953 1705 4038 dequibus

559 4054 624 4116 duo
651 4055 781 4120 luerunt
805 4057 920 4142 Reges,
936 4059 1095 4140 videlicet,
1112 4063 1182 4126 Rex
1209 4055 1343 4124 Francis
1368 4063 1403 4117 et
1417 4055 1489 4116 Rex
1505 4053 1655 4137 Navarie,
1671 4071 1704 4123 et

558 4158 699 4242 quinque
725 4159 881 4238 Comites,
912 4163 1043 4244 scilicet,
1068 4165 1187 4230 Comes
1211 4163 1251 4226 de
1278 4157 1434 4236 Enevers,
1450 4155 1570 4222 Comes
1586 4159 1627 4224 de
1643 4159 1707 4243 Eu,
