3898 5022
827 617 1005 665 runrson.
1455 593 1519 660 clix

320 755 366 817 Sir
375 759 453 821 John
467 761 602 836 Hownrd,
616 763 728 844 knight,
742 769 831 849 living
844 773 896 831 oth
910 772 988 851 July,
1006 771 1095 838 1410,
1116 765 1250 828 deceased
1263 786 1299 825 on
1313 766 1362 826 the
1378 767 1449 826 loth
1463 768 1518 847 dsy

315 855 351 912 of
368 857 535 930 December,
560 864 580 919 3
604 863 681 922 Heu.
701 865 765 937 VI.,
793 868 881 936 1424,
906 869 1019 943 lesviug
1041 866 1080 944 by
1094 864 1146 923 her
1165 864 1229 922 first
1246 862 1377 920 husbsnd
1395 882 1431 922 sn
1451 863 1518 942 only

315 948 454 1028 daughter
466 956 522 1013 oud
535 956 652 1029 heiress,
670 960 743 1018 born
756 979 794 1019 on
806 963 856 1020 the
868 963 941 1021 fesst
954 963 988 1020 of
1007 961 1050 1021 St.
1062 960 1216 1026 Burnubss,
1240 956 1310 1015 llth
1324 958 1409 1026 June,
1432 959 1519 1028 141⁰,

315 1046 372 1104 sud
385 1047 453 1106 theu
465 1051 499 1108 of
516 1051 565 1110 the
578 1073 631 1130 ogo
650 1055 684 1113 ol
700 1055 830 1115 fourteen
848 1077 930 1137 years
944 1057 1000 1116 sud
1013 1055 1152 1133 upvvords.
1193 1052 1265 1112 This
1278 1051 1384 1112 heiross
1398 1052 1520 1112 morried

313 1137 393 1200 John
406 1143 441 1202 de
456 1145 538 1216 Vere,
559 1148 628 1208 Eurl
641 1151 675 1208 of
693 1151 813 1222 Oxford,
834 1154 890 1212 eud
910 1151 1035 1229 through
1052 1152 1105 1209 her
1122 1148 1171 1208 the
1189 1149 1300 1208 ancient
1317 1149 1475 1226 pstrimony
1489 1148 1523 1208 of

315 1237 364 1296 the
378 1240 518 1302 Hovvnrds
538 1245 568 1302 in
586 1244 708 1306 Norfolls
720 1251 818 1309 vested
839 1251 869 1309 in
890 1250 954 1309 thet
976 1248 1084 1328 family.
1126 1245 1173 1306 Sir
1191 1245 1318 1305 Thomas
1337 1244 1394 1304 oud
1406 1245 1450 1304 his
1464 1254 1520 1304 tvvo

317 1334 401 1394 wives
414 1336 471 1397 hod
484 1340 635 1401 interment
648 1344 678 1402 in
692 1343 828 1404 Norvrich
842 1345 995 1415 cethedrsl,
1016 1364 1053 1403 on
1066 1342 1116 1402 the
1128 1342 1215 1400 north
1233 1340 1292 1398 side
1310 1339 1343 1398 of
1359 1340 1408 1399 the
1422 1340 1522 1411 choir;

314 1429 367 1488 but
379 1431 428 1491 tho
441 1435 519 1494 word
540 1444 558 1474 ‘⁸
569 1437 691 1498 Bevver”
704 1442 729 1498 is
741 1441 780 1500 sll
794 1441 856 1501 thet
870 1442 990 1500 remeius
1003 1441 1037 1498 of
1054 1441 1104 1498 the
1123 1436 1461 1514 inscriptum-perhaps
1474 1436 1519 1496 his

315 1537 417 1590 motio.
443 1531 499 1592 His
512 1554 596 1606 orms,
606 1538 686 1608 Vert,
697 1559 732 1596 su
744 1539 913 1598 escutcheou
926 1542 1000 1598 inter
1012 1538 1093 1615 eight
1105 1535 1233 1593 msrtlets
1246 1534 1336 1610 gules,
1347 1533 1404 1593 oud
1416 1535 1519 1594 under·

315 1628 426 1687 written
441 1631 566 1690 Tuomes
581 1635 765 1713 Erpinghsm,
785 1656 858 1694 were
871 1636 1007 1715 formerly
1020 1637 1050 1692 iu
1063 1633 1112 1692 the
1126 1631 1342 1709 emptor-house
1355 1640 1386 1690 ot
1400 1633 1520 1692 Conter-

313 1718 405 1800 bffl'yt
424 1725 480 1782 oud
493 1726 538 1783 his
551 1737 624 1786 erest
637 1749 702 1799 vves,
719 1737 748 1788 A
762 1749 855 1788 crovvu
868 1731 958 1808 pules,
972 1751 989 1788 o
1002 1731 1095 1808 plume
1108 1727 1142 1786 of
1151 1725 1275 1786 sosthene
1288 1736 1397 1803 urgent.

356 1815 406 1875 On
426 1817 475 1876 the
499 1820 567 1879 Roll
582 1823 616 1881 ol
636 1824 749 1882 Letters
769 1826 872 1884 Potent
889 1827 923 1884 of
943 1826 993 1883 the
1016 1823 1086 1882 loth
1107 1841 1174 1902 yeor
1191 1820 1225 1877 or
1244 1821 1347 1901 Heury
1361 1822 1409 1880 the
1426 1821 1518 1894 Sixth,

317 1915 405 1986 1437,
424 1917 513 1976 under
529 1920 577 1978 tho
594 1920 725 2000 hesding,
746 1923 833 1982 “Pro
851 1923 975 1982 contorio
988 1920 1133 1980 fuudsuds
1152 1917 1330 1997 Phelippes,”
1350 1939 1392 1980 vve
1406 1920 1473 1978 reod
1486 1941 1518 1978 os

312 2009 421 2071 follows
432 2033 484 2071 t-

355 2117 373 2146 “
385 2110 449 2168 Rex
463 2114 591 2172 omnibus
601 2115 638 2173 od
651 2134 732 2192 quos,
745 2119 806 2188 irc,
820 2115 948 2176 sulutem.
991 2115 1093 2176 Soletis
1107 2115 1184 2193 quod
1196 2135 1249 2174 nos
1263 2114 1299 2173 de
1311 2113 1404 2190 gratis
1421 2121 1518 2172 nostro

313 2208 426 2283 speciali
446 2214 635 2272 concessimus
655 2223 684 2272 et
704 2215 848 2274 licenciam
868 2214 995 2273 dedimus
1017 2232 1070 2291 pro
1083 2215 1165 2272 uobis
1182 2224 1212 2274 et
1229 2211 1380 2271 heredibus
1404 2213 1518 2280 uostris,

313 2314 451 2381 quantum
469 2309 499 2367 in
518 2312 599 2370 uobis
622 2320 674 2383 est,
696 2313 798 2371 dilecto
819 2321 848 2371 et
870 2313 947 2371 fideli
967 2319 1064 2370 nostro
1084 2312 1228 2371 willelmo
1248 2309 1368 2386 Phelipp
1388 2309 1471 2367 militi
1489 2317 1518 2368 et

313 2401 445 2464 Johoune
465 2409 546 2466 uxori
566 2411 627 2487 ejus
647 2411 725 2488 quod
747 2411 800 2490 ipsi
820 2419 849 2470 et
869 2419 987 2488 uterque
1008 2429 1106 2468 eorum
1119 2411 1168 2487 qui
1182 2408 1366 2487 supervixerit
1379 2415 1518 2469 eteorum

311 2499 427 2562 heredes
442 2508 582 2582 quendum
595 2511 747 2568 cenuvium
761 2517 921 2586 perpetuom
936 2509 970 2566 de
982 2508 1092 2567 duobus
1103 2507 1147 2566 vel
1157 2509 1247 2566 tribus
1258 2504 1408 2583 capellanis
1422 2505 1517 2567 divino

313 2597 430 2674 siugulis
454 2601 550 2661 diebus
573 2605 610 2664 sd
633 2605 721 2664 ultore
741 2605 824 2662 beete
849 2603 1014 2681 Mnrgerete
1037 2604 1069 2662 in,
1090 2603 1207 2661 ecclesis
1230 2603 1265 2660 de
1289 2601 1463 2679 Deuyngton
1486 2601 1516 2658 in

311 2694 446 2752 comitam
460 2696 601 2768 Suffolcie,
615 2717 667 2775 pro
681 2699 785 2756 selubri
799 2706 875 2756 stetu
887 2707 985 2756 nostro
997 2707 1026 2756 et
1041 2699 1166 2773 ipsorum
1179 2695 1316 2756 Willelmi
1336 2703 1365 2752 et
1385 2695 1516 2754 Johonne

311 2789 380 2848 dum
392 2792 553 2863 vixerimus,
572 2802 602 2851 et
619 2813 671 2871 pro
688 2795 833 2852 enimsbus
852 2794 957 2852 nostris
971 2813 1037 2852 cum
1049 2793 1085 2850 eb
1099 2792 1154 2850 hoo
1166 2793 1229 2850 luce
1241 2791 1466 2867 migraverimus,
1486 2799 1515 2848 et

310 2906 362 2965 pro
375 2889 522 2947 suimsbus
535 2891 670 2948 carissimi
689 2891 793 2948 domini
811 2897 841 2947 et
857 2890 904 2948 ovi
924 2890 1023 2956 nostri,
1042 2887 1148 2945 domini
1170 2888 1298 2955 Henrioi,
1321 2905 1411 2963 nuper
1426 2886 1515 2962 Regis

312 2982 427 3059 Anglie,
448 3003 481 3042 oo
494 2986 629 3043 carissimi
648 2985 753 3044 domiui
773 2984 861 3061 petris
882 2984 972 3042 nostri
990 2983 1196 3052 destructorum,
1215 2991 1245 3040 et
1263 2981 1410 3040 suimobus
1429 2981 1516 3039 bene·

310 3078 450 3140 fretorum
467 3091 497 3142 et
516 3091 723 3141 antecessorem
740 3083 828 3160 ipsius
850 3079 986 3140 willelmi
1005 3089 1034 3138 et
1054 3078 1185 3140 Johouno
1203 3088 1233 3137 et
1251 3077 1376 3138 omnium
1388 3075 1515 3136 fidelium

311 3173 516 3248 defimetorum,
527 3180 610 3256 juxte
618 3180 824 3240 ordinacionem
833 3179 996 3239 eorumdem
1007 3176 1143 3236 willelmi
1155 3185 1184 3234 et
1196 3175 1327 3236 Johsune
1341 3193 1391 3232 seu
1401 3174 1517 3232 ulterius

311 3287 411 3328 eorum
424 3276 627 3350 superviventis
643 3297 693 3337 seu
710 3297 808 3336 eorum
825 3276 961 3336 heredum
981 3277 1011 3334 in
1032 3274 1087 3333 huo
1107 3283 1188 3352 purte
1206 3272 1373 3343 faciendum,
1392 3271 1516 3332 celebre·

310 3368 382 3426 orris
391 3369 495 3441 facere,
508 3372 636 3444 strodere,
650 3394 752 3445 creare,
766 3383 795 3433 et
809 3375 931 3433 stabilire
944 3374 1054 3451 possint
1069 3391 1118 3430 seu
1131 3373 1230 3450 possit.
1259 3371 1300 3430 Et
1307 3369 1383 3448 quod
1391 3369 1516 3429 contmio

310 3465 444 3544 predicto,
468 3489 533 3526 ovum
559 3470 600 3528 sie
620 3470 739 3529 fundsts
764 3471 851 3529 fvserit
871 3478 902 3529 et
922 3471 1054 3539 stabilito,
1081 3469 1252 3549 ‘Phelippes
1281 3467 1453 3528 Chnuuterie
1479 3467 1514 3525 de

310 3564 500 3645 Denyugton’
517 3575 703 3645 nuncupetur.
743 3566 882 3626 Volumus
894 3567 983 3625 eciem
996 3575 1026 3626 et
1038 3567 1217 3626 concedimus
1231 3585 1284 3644 pro
1296 3566 1377 3625 nobis
1390 3575 1420 3624 et
1432 3565 1514 3622 dictis

309 3660 460 3720 heredibus
472 3663 577 3722 nostris
591 3662 740 3740 copellnuis
759 3663 882 3723 morie
900 3661 1018 3740 predicti
1038 3681 1103 3722 cum
1123 3663 1164 3721 sic
1183 3661 1303 3722 fisudots
1320 3661 1415 3731 fuerit,
1437 3660 1514 3738 quod

309 3757 364 3834 ipsi
376 3767 405 3817 et
419 3778 593 3818 successores
607 3760 661 3831 sui,
682 3759 817 3837 ospellsui
834 3759 961 3835 ejusdem
979 3760 1112 3829 coneric,
1133 3757 1238 3818 hebent
1258 3775 1348 3816 uuum
1365 3775 1514 3830 commune

309 3853 433 3931 sigillum
452 3856 489 3914 ed
509 3875 684 3935 quecumque
704 3856 821 3934 negocio
837 3864 867 3914 et
885 3856 1017 3914 materies
1041 3855 1197 3913 centonum
1216 3853 1294 3912 illem
1315 3852 1513 3912 concernentia

306 3950 478 4030 expediendo
496 3959 525 4010 et
551 3952 723 4030 exequendo,
746 3961 775 4011 et
795 3951 872 4030 quod
891 3952 946 4030 ipsi
966 3971 1017 4029 per
1039 3970 1143 4010 nomeu
1159 3948 1374 4028 Copellunorum
1389 3947 1513 4007 centorio

308 4047 444 4125 predicte,
464 4067 529 4108 cum
542 4052 666 4110 mutonis
685 4051 734 4110 illn
752 4051 793 4109 sic
811 4049 930 4122 fundots
949 4057 978 4107 et
1002 4050 1125 4108 stabilite
1146 4048 1191 4117 sit,
1212 4067 1263 4125 pro
1281 4047 1378 4104 lutum
1399 4045 1457 4102 sint
1469 4045 1513 4100 in·

307 4147 447 4224 corporeo
470 4155 500 4206 et
518 4167 636 4228 persone
655 4148 763 4207 habiles
782 4159 812 4207 et
831 4167 948 4226 copoces
968 4145 1007 4206 od
1026 4164 1202 4224 quecumque
1222 4152 1321 4214 terres,
1344 4148 1513 4214 tenemento,
