3956 5022
551 611 571 670 6
912 625 1071 672 onosma
1095 627 1273 674 merosum
1298 627 1344 674 av

331 767 377 816 ³1⁰-
391 769 535 833 ommoy.
636 776 722 842 Item
738 776 925 863 Stephanus
941 779 1092 844 Bukerel.

636 879 721 944 ltcm
738 878 901 946 Henricus
917 883 957 946 de
973 882 1132 947 Colchum.

327 995 376 1046 Ma
387 999 443 1048 σοι
454 1000 518 1050 rete
634 982 799 1046 Walterus
815 984 855 1046 de
871 983 1059 1069 Wyntonia.

324 1705 373 1757 110.
386 1708 443 1757 00⁰.
453 1723 507 1757 m.

323 1914 373 1961 uo.
386 1914 442 1963 co.
453 1915 515 1976 ee.

634 1085 799 1150 Robertus
813 1086 899 1150 filius
914 1086 937 1151 J
939 1086 1087 1151 ohannis.

591 1186 633 1251 In
646 1208 777 1253 recessu
790 1189 927 1253 istorum
951 1190 992 1254 de
1006 1190 1132 1254 Balliva
1158 1211 1216 1254 sua
1237 1199 1350 1254 contra
1368 1190 1489 1254 festum
1504 1188 1615 1254 Sancti
1630 1188 1699 1252 Mi·

546 1287 677 1370 chaelis,
692 1313 805 1356 omnes
819 1292 1032 1357 Aldermanni
1047 1303 1081 1356 et
1101 1293 1274 1377 Magnetes
1290 1293 1440 1357 Civitatis
1456 1313 1514 1376 per
1528 1313 1697 1356 assensum

545 1393 771 1458 universorum
786 1394 928 1474 Civium,
943 1395 1031 1480 quod
1051 1394 1141 1458 nullo
1156 1405 1302 1480 tempore
1318 1394 1543 1480 permitterent
1557 1394 1697 1479 aliquem

545 1495 768 1559 vicecomitem
783 1495 911 1559 admitti
926 1495 962 1558 in
976 1495 1203 1561 vicecomitatu
1221 1517 1280 1580 per
1296 1495 1379 1559 duos
1394 1517 1497 1559 annos
1512 1495 1697 1572 continuos,

546 1594 630 1659 sicut
643 1596 733 1680 prius
749 1597 948 1661 exstiterant.

631 1697 800 1763 Johannes
816 1699 857 1762 de
872 1697 1077 1763 Wouburne.

632 1799 789 1863 Ricardus
804 1799 890 1863 filius
905 1799 1055 1864 Walteri.

631 1900 798 1967 Walterus
812 1903 843 1966 le
860 1901 970 1966 Busle.

631 2003 776 2068 Michael
791 2004 831 2068 de
849 2003 968 2068 Sancta
984 2003 1124 2068 Helena.

589 2105 664 2170 Hoc
678 2128 764 2171 anno
779 2108 884 2170 factus
899 2117 950 2171 est
965 2106 1073 2170 Maior
1083 2106 1231 2172 Andreas
1244 2107 1385 2172 Bukerel
1399 2107 1432 2172 in
1446 2108 1530 2173 festo
1541 2107 1698 2193 Syrnonis

544 2215 578 2272 et
591 2206 692 2285 lude,
706 2216 739 2271 et
754 2207 883 2272 domuit
896 2229 956 2293 per
969 2208 1024 2272 vii.
1040 2230 1156 2272 annos.

322 2329 372 2376 11⁰.
384 2328 441 2376 oo.
451 2327 523 2390 my.
632 2309 795 2374 chricus
811 2310 851 2373 de
867 2311 1074 2375 Edelmeton.

631 2411 796 2477 Gerardus
812 2412 886 2477 Bat.

588 2514 664 2579 Hoc
678 2536 764 2579 anno
778 2523 968 2598 persecutus
991 2524 1042 2579 est
1056 2515 1221 2600 predictus
1238 2514 1408 2580 Hubertus
1425 2515 1465 2580 de
1480 2516 1602 2602 Burgo,
1617 2516 1641 2582 J
1642 2539 1697 2582 us·-

543 2616 695 2696 titiarius,
726 2616 875 2681 maximis
900 2616 1193 2702 persecutionibus,
1226 2617 1272 2682 ita
1296 2619 1385 2703 quod
1413 2628 1603 2704 preceptum
1633 2619 1696 2685 fuit

544 2719 664 2785 Maiori
678 2730 712 2785 et
731 2719 975 2785 vicecomitibus
1001 2742 1060 2804 per
1084 2720 1193 2784 literas
1219 2720 1355 2786 Domini
1385 2721 1495 2806 Regis,
1518 2724 1604 2808 quod
1624 2723 1695 2808 ipse

543 2833 658 2908 captus
672 2823 799 2903 fuisset,
813 2823 1011 2908 ubicumque
1026 2833 1114 2889 esset
1134 2823 1299 2888 inventus.
1345 2823 1412 2890 Qui
1426 2834 1542 2910 postea
1556 2826 1695 2911 fugiens,

542 2926 653 3011 posuit
668 2949 703 2992 se
717 2927 752 2990 in
767 2927 929 3012 quandam
940 2925 1106 3010 Capellam
1121 2927 1207 3013 apud
1224 2925 1365 2991 Boscum
1376 2927 1497 2991 Arsum
1511 2931 1559 3002 (ire
1569 2930 1696 2992 Brund·

541 3030 696 3113 wodde);
717 3031 806 3094 unde
821 3039 984 3095 estractus
999 3029 1063 3093 fuit
1076 3051 1136 3114 per
1149 3029 1226 3107 vim,
1237 3037 1270 3094 et
1281 3041 1396 3114 postea
1403 3031 1559 3095 remissus
1573 3029 1695 3096 ibidem

542 3151 601 3216 per
615 3132 779 3214 Rogemm
792 3131 993 3214 Episcopum
1009 3128 1265 3193 Londoniarum.
1310 3129 1388 3214 Ipse
1402 3152 1479 3194 vero
1500 3140 1577 3214 post
1591 3132 1696 3196 modi·

543 3254 618 3296 cum
630 3241 760 3316 tempus
775 3232 917 3295 reddidit
932 3253 967 3295 se
981 3231 1127 3295 Domino
1139 3231 1219 3315 Regi
1233 3231 1268 3294 in
1284 3231 1534 3296 misericordiam
1548 3255 1651 3314 suam,
1662 3244 1695 3299 et

544 3334 662 3399 ductus
684 3344 734 3398 est
758 3333 845 3418 apud
868 3333 996 3397 Turrim
1017 3334 1261 3398 Londoniarum
1273 3358 1283 3414 ;
1306 3334 1423 3399 deinde
1438 3337 1524 3420 apud
1540 3336 1693 3401 Castrum

544 3437 585 3500 de
601 3436 749 3516 Devises,
762 3437 802 3500 de
817 3457 880 3522 quo
897 3436 1013 3502 Castro
1029 3437 1142 3517 evasit,
1152 3447 1186 3502 et
1197 3437 1310 3522 posuit
1322 3459 1357 3502 se
1370 3438 1404 3501 in
1415 3439 1551 3522 quadam
1562 3440 1696 3504 ecclesia

543 3559 604 3623 pro
619 3538 791 3602 securitate
816 3538 983 3604 habendas
1006 3542 1047 3605 de
1070 3561 1133 3624 qua
1157 3538 1294 3604 ecclesia
1318 3560 1392 3603 eum
1417 3540 1512 3624 ejecit
1538 3540 1695 3606 Ricardus

545 3640 768 3720 Marescallus,
783 3651 862 3705 tunc
878 3642 998 3706 Comes
1013 3642 1054 3705 de
1070 3641 1231 3719 Penbrolr,
1246 3641 1333 3704 inter
1352 3662 1446 3724 quem
1463 3652 1498 3705 et
1514 3641 1695 3706 Dominum

544 3743 667 3828 Regem
680 3752 768 3808 mota
781 3744 844 3806 fuit
859 3766 974 3827 magna
989 3743 1158 3807 dissensio.
1204 3743 1280 3808 Quo
1296 3741 1434 3806 Ricardo
1450 3753 1590 3822 mortuo,
1606 3743 1693 3809 idom

544 3845 727 3924 Hubertus,
741 3868 817 3910 cum
833 3845 993 3924 Gilberto,
1005 3845 1101 3909 fratre
1116 3845 1253 3928 predicti
1269 3846 1410 3925 Ricardi,
1425 3855 1458 3910 et
1473 3847 1543 3910 aliis
1559 3847 1696 3913 Beroni-

542 3947 616 4027 bus,
632 3947 688 4031 qui
714 3958 810 4011 antea
835 3945 968 4010 luerunt
988 3956 1101 4010 contra
1126 3947 1262 4032 Regem,
1279 3947 1320 4010 ad
1335 3967 1448 4031 pacem
1473 3947 1608 4012 Domini
1631 3949 1696 4014 Re-

542 4050 592 4135 gis
622 4049 710 4135 apud
740 4047 951 4114 Glovemiam
973 4047 1135 4114 admissus
1155 4047 1229 4114 fuit.
1273 4047 1401 4114 Eodem
1423 4069 1509 4114 anno
1530 4049 1565 4114 in
1586 4051 1695 4137 vigilia
