3920 5022
533 615 795 662 vrcsoosnrou
821 614 1108 661 nosnosrnnusr.
1377 604 1397 660 9

242 791 306 854 pus
343 768 599 834 Londoniarum.
655 769 730 834 Hoc
759 790 846 834 anno
878 769 984 833 factus
1019 777 1070 832 est
1095 765 1204 832 Maior
1238 766 1397 832 Radulfus

241 872 337 958 Elwy
366 871 422 958 qui
447 870 576 935 duravit
599 891 659 955 per
683 879 750 934 tres
775 892 889 936 annos.
935 871 1010 936 Hoc
1036 891 1121 934 anno
1146 869 1243 934 rediit
1276 870 1397 934 Comes

243 973 411 1053 Ricardna,
440 974 538 1038 frater
559 973 658 1056 Regis
684 972 830 1052 Henrici,
860 971 895 1036 in
923 973 1008 1037 festo
1038 971 1232 1037 Sanctorum
1262 971 1397 1036 Fabiani

242 1086 277 1142 et
305 1075 487 1142 Sebastiani
515 1098 601 1141 anno
635 1075 727 1161 regni
761 1075 909 1161 ejusdem
945 1075 1044 1161 Regis
1079 1073 1221 1140 xxvr.
1251 1097 1271 1138 a
1298 1075 1398 1139 Terra

242 1180 361 1246 Sancta
370 1180 405 1244 in
416 1180 625 1259 Londonias3
640 1189 675 1243 et
687 1180 750 1244 hoc
759 1201 844 1244 anno
859 1178 1023 1244 Dominus
1039 1180 1110 1244 Rex
1124 1177 1220 1263 petiit
1234 1178 1396 1243 licentiam

241 1305 261 1348 a
280 1282 405 1348 civibus
425 1283 467 1347 ad
482 1303 610 1347 crucem
626 1281 737 1346 Sancti
760 1281 862 1360 Pauli,
879 1281 931 1346 die
946 1281 1040 1346 Jovis
1054 1281 1089 1344 in
1104 1280 1286 1366 epdomada
1301 1280 1398 1345 Para-

242 1407 364 1465 aceres,
384 1383 614 1449 transfretandi
627 1382 663 1447 in
677 1382 886 1449 Wasconiam
901 1384 943 1448 ad
958 1382 1139 1448 subsidium
1156 1382 1295 1448 Comitis
1311 1381 1397 1448 dela

242 1488 378 1554 Marche
403 1496 516 1553 contra
545 1488 668 1570 Regem
689 1487 845 1566 Francie3
869 1486 935 1572 qui,
956 1496 1034 1572 post
1059 1486 1224 1552 modicum
1253 1496 1396 1571 tempus,
1409 1515 1590 1580 Damm-

241 1589 472 1656 transfretavit.
518 1591 595 1654 Hoc
627 1610 714 1656 anno
743 1599 858 1674 captus
885 1598 937 1653 est
956 1589 1151 1654 Willielmus
1178 1590 1219 1654 de
1242 1581 1559 1667 Mariscost'maa·

241 1693 297 1778 qui
307 1701 449 1757 rectatus
459 1692 571 1756 fuitde
582 1690 765 1777 proditione
775 1691 911 1755 Domini
922 1692 1033 1776 Regis,
1043 1692 1191 1756 ininsula
1205 1693 1245 1757 de
1257 1692 1397 1778 Lundey

242 1817 301 1880 per
325 1794 539 1860 Willielmum
565 1793 704 1858 Barduli
723 1802 757 1858 et
780 1794 956 1858 Ricardum
981 1794 1022 1859 de
1045 1795 1197 1874 Warene,
1219 1803 1254 1860 et
1278 1794 1396 1860 ductus

243 1896 331 1982 apud
353 1897 483 1960 'lirrrim
509 1895 764 1960 Londoniarum.
810 1895 928 1961 Postea
950 1896 986 1960 in
1010 1896 1118 1981 vigilia
1144 1896 1256 1961 Sancti
1280 1895 1397 1962 Jacobi

242 1997 395 2083 Apostoli
409 1997 573 2062 detractus
588 2006 623 2062 et
637 2018 829 2082 suspensus,
840 2007 875 2062 et
888 1997 923 2061 in
938 1997 1079 2062 crastino
1095 1997 1206 2063 Sancti
1219 1999 1242 2063 J
1244 1997 1347 2077 acobi,
1361 1998 1396 2062 in
1409 2021 1446 2070 Da
1456 2021 1595 2072 nam„

241 2109 380 2186 quatuor
403 2109 511 2184 partes
535 2099 669 2178 divisus,
683 2121 820 2184 quarum
835 2121 900 2164 una
927 2120 1002 2184 pars
1025 2121 1099 2165 cum
1122 2100 1227 2185 capite
1240 2098 1397 2165 remansit
1408 2087 1576 2202 yffi&

242 2202 424 2269 Londoniis
440 2224 608 2288 suspensa,
622 2203 780 2268 etaltera.

331 2306 416 2372 Item
431 2304 594 2371 Robertus
605 2305 690 2370 filius
705 2307 728 2371 J
729 2305 877 2372 ohannis.
1409 2306 1622 2390 ⁸⁰·002212'r'as?

329 2407 488 2474 Radulfus
504 2407 806 2495 Eswy‚Au1ifaber.
1403 2375 1608 2505 lgffljsffl

288 2511 364 2576 Hoc
378 2534 464 2576 anno
488 2511 606 2575 iterum
629 2512 734 2576 factus
758 2520 809 2576 est
835 2511 944 2578 Maior
969 2512 1128 2578 Radulfus
1151 2511 1261 2598 Eswy,
1276 2512 1399 2597 etquis

243 2614 407 2678 Dominus
430 2614 502 2678 Rex
516 2636 582 2677 non
597 2613 660 2676 fuit
673 2613 707 2677 in
722 2613 850 2696 Anglia,
864 2624 1071 2698 presentatus
1086 2614 1149 2679 fuit
1166 2613 1304 2700 capitali
1319 2613 1343 2680 J
1344 2636 1400 2678 us·

242 2717 362 2782 titiario
377 2717 514 2782 Domini
535 2716 645 2801 Regis,
664 2714 796 2793 scilicet,
810 2715 1066 2800 Archiepiscopo
1087 2715 1296 2794 Eboracensi,
1311 2717 1399 2797 apud

245 2819 464 2906 Keningtone,
480 2830 515 2884 et
528 2819 575 2882 ibi
594 2820 723 2903 juratus
739 2826 772 2881 et
786 2817 957 2880 admissus.
988 2818 1034 2879 Et
1047 2817 1111 2881 hoc
1125 2838 1211 2880 anno
1222 2817 1318 2881 rediit
1328 2819 1399 2882 Rex

245 2922 472 2988 deWasconia
486 2921 733 2985 contrafactum
750 2917 860 2982 Sancti
876 2917 1057 2982 Michaelis.

333 3024 433 3108 Hugo
449 3021 610 3099 Blundus,
624 3017 806 3084 Aurilaber.
1412 3040 1622 3102 rsacoexlttjsa

330 3126 438 3190 Adam
453 3125 494 3190 de
510 3122 704 3188 Giseburne.
1152 3171 1155 3180 .
1404 3108 1461 3185 fia..
1475 3123 1542 3222 Ἠ.
1555 3107 1622 3170 '¹⁹²⁸'

289 3228 366 3292 Hoc
389 3249 475 3291 anno
498 3227 616 3291 iterum
639 3227 744 3292 factus
768 3235 820 3292 est
844 3225 952 3291 Maior
979 3225 1139 3290 Radulfus
1163 3225 1265 3311 Eswy
1279 3234 1313 3290 et
1326 3188 1471 3311 pre-rw
1526 3190 1548 3236 l·

246 3340 392 3396 sentatus
419 3330 564 3396 Domino
590 3330 672 3416 Regi
695 3331 783 3416 apud
811 3329 1150 3395 Westmonasterium.
1208 3329 1283 3394 Hoc
1311 3351 1398 3396 anno

245 3433 378 3498 fuerunt
391 3431 510 3517 placita
521 3453 639 3497 corone
654 3432 740 3517 apud
755 3432 884 3497 Turrim
900 3431 1143 3495 Londoniarum
1156 3430 1190 3495 in
1203 3430 1343 3496 crastino
1359 3432 1400 3497 de

245 3536 277 3602 le
304 3535 476 3622 Hokeday‚
495 3545 529 3600 et
554 3535 751 3600 duraverunt
774 3556 878 3619 usque
901 3534 943 3597 ad
965 3534 1086 3598 festum
1111 3533 1222 3599 Sancti
1252 3534 1401 3600 Barnabe

246 3639 409 3726 Apostoli.
437 3639 478 3703 ln
487 3639 551 3703 illis
564 3639 690 3724 placitis
705 3639 841 3703 remissa
850 3646 928 3701 sunt
939 3637 1076 3717 esconia,
1093 3659 1154 3722 que
1171 3637 1318 3703 solebant
1328 3660 1402 3725 pre·

248 3741 666 3828 senteriindieprecedenti
675 3751 751 3807 ante
761 3741 846 3807 diem
856 3740 1173 3826 placitorumcorone
1182 3741 1400 3826 apudportam

247 3847 358 3913 Turris
382 3847 628 3912 Londoniarum
652 3847 693 3911 de
719 3855 824 3911 morte
843 3845 984 3924 illorum,
998 3842 1054 3930 qui
1069 3845 1234 3910 attachiati
1258 3847 1400 3926 fuerunt,

249 3972 353 4035 usque
376 3951 417 4014 ad
432 3950 551 4035 placita
565 3972 703 4029 corone;
730 3949 776 4014 ita
801 3949 889 4034 quod
903 3948 1001 4035 plegii
1025 3948 1138 4013 talium
1165 3969 1292 4034 semper
1317 3949 1402 4014 erint

248 4051 441 4137 indempnes
462 4073 570 4118 coram
593 4051 789 4130 Justitiario,
809 4051 837 4115 si
852 4073 939 4116 mors
954 4050 1094 4129 illorum,
1114 4050 1170 4137 qui
1188 4050 1319 4137 plagiati
1333 4053 1401 4115 fue-

250 4162 338 4234 runt,
352 4174 411 4238 per
428 4153 684 4219 Aldermannum
699 4162 733 4218 et
746 4153 910 4220 visnetum
931 4151 1102 4218 testificata
1121 4153 1230 4217 fuerit.
1275 4152 1315 4216 ln
1330 4151 1402 4217 istis

295 4275 409 4321 cauo.
426 4275 501 4321 soc.
1208 4273 1228 4318 c
