3920 5022
534 501 576 563 64
893 517 1053 562 erronica
1077 516 1255 562 uaronuu
1282 518 1326 561 nr

570 667 853 736 Excellentissimo
879 667 1025 733 Domino
1056 689 1115 733 suo
1145 667 1301 747 Henrico,
1330 666 1395 731 Dei
1421 665 1534 752 gratia,
1564 665 1684 729 illustri

530 772 612 857 Regi
635 772 762 857 Anglie,
793 770 938 835 Domino
962 769 1119 834 Hibernis
1141 781 1175 835 et
1196 770 1282 834 Duci
1306 769 1514 854 Aquitunnie
1539 769 1684 833 Berones

525 883 560 937 et
578 873 634 937 alii
648 872 760 938 fideles
776 873 837 951 sui,
853 881 1091 936 sacramentum
1106 893 1203 935 suum
1222 881 1257 936 et
1278 871 1467 936 fidelitstem
1484 871 1557 936 Deo
1572 879 1607 934 et
1621 869 1684 933 sibi

524 973 669 1039 debitam
698 975 869 1040 observare
894 974 1051 1052 volentes,
1075 973 1212 1038 salutem
1238 983 1272 1038 et
1296 973 1463 1052 devotum,
1489 995 1564 1038 cum
1590 972 1681 1036 omni

523 1078 703 1143 reverentia
717 1090 751 1142 et
769 1078 904 1157 honore,
919 1077 1122 1140 famulatum.
1167 1076 1253 1141 Cum
1268 1097 1327 1161 per
1348 1076 1442 1161 plura
1462 1075 1683 1160 experiments

524 1178 656 1264 liqueat,
671 1178 760 1264 quod
774 1179 906 1265 quidam
920 1176 1015 1243 vobis
1030 1178 1219 1243 assistentes
1233 1177 1337 1242 multa
1348 1177 1389 1241 de
1403 1177 1499 1241 nobis
1515 1177 1682 1241 mendacia

406 1337 410 1342 .
524 1291 635 1346 vestre
650 1281 867 1347 dominationi
883 1281 1114 1366 suggesserint,
1137 1291 1172 1346 ct
1195 1280 1292 1359 mala,
1307 1291 1429 1365 quanta
1449 1291 1600 1366 possunt,
1615 1302 1682 1345 non

525 1382 632 1463 solum
645 1381 752 1461 nobis,
768 1381 827 1446 sed
841 1381 939 1446 etiam
953 1381 1048 1447 vobis
1069 1390 1103 1446 et
1123 1381 1186 1446 toti
1207 1401 1307 1466 regno
1334 1388 1444 1445 vestro
1458 1380 1660 1446 intentantes
1672 1405 1682 1461 3

523 1484 652 1548 noverit
664 1494 774 1549 vestra
787 1483 987 1564 excellentis,
1002 1485 1090 1569 quod
1107 1483 1244 1549 salutem
1265 1491 1299 1548 et
1316 1483 1521 1548 securitatem
1536 1483 1681 1568 corporis

523 1585 625 1650 vestri
639 1585 718 1650 totis
733 1584 858 1650 viribus
872 1608 946 1651 cum
966 1586 1121 1652 fidelitate
1142 1586 1237 1652 vobis
1258 1584 1367 1650 debita
1391 1584 1555 1649 voluimus
1571 1584 1682 1650 obser·

523 1709 610 1768 vare,
634 1688 784 1754 inimicos
808 1699 940 1754 nostros
969 1712 1036 1754 non
1066 1691 1184 1768 solum,
1206 1698 1258 1754 set
1294 1698 1329 1754 et
1360 1697 1488 1754 vestros
1522 1697 1557 1752 et
1578 1688 1680 1753 totius

524 1789 612 1874 regni
633 1790 734 1856 vestri
755 1791 851 1875 juxta
869 1812 967 1876 posse
990 1812 1122 1876 gravius
1148 1799 1380 1876 proponentes,
1399 1789 1463 1854 illis
1490 1811 1588 1876 super
1609 1811 1682 1875 pre-

522 1891 631 1972 dictis,
646 1892 674 1956 si
693 1894 810 1974 placet,
825 1915 893 1958 non
908 1892 1056 1958 credatis.
1100 1892 1172 1958 Nos
1195 1893 1282 1957 enim
1297 1893 1398 1958 vestri
1419 1892 1532 1957 fideles
1554 1914 1682 1978 semper

522 1993 736 2058 inveniemur.
780 1994 826 2057 Et
840 2015 902 2059 nos
919 1992 1040 2059 Comes
1055 1993 1233 2058 Leicestrie
1255 2006 1290 2060 et
1316 1990 1487 2057 Gilbertus
1511 1992 1551 2057 de
1576 1992 1681 2074 Clare,

521 2095 566 2159 ad
588 2095 780 2181 petitionem
803 2095 950 2177 aliorum,
971 2117 1032 2182 pro
1057 2094 1153 2160 nobis
1175 2105 1210 2161 et
1234 2094 1315 2181 ipsis
1337 2094 1556 2180 presentibus,
1578 2096 1682 2180 sigilla

523 2206 636 2262 nostru
649 2198 873 2283 apposuimus.

568 2300 742 2380 Henricus,
757 2301 823 2365 Dei
843 2301 955 2385 gratia
971 2301 1029 2366 duc.
1045 2300 1172 2366 Simoni
1186 2301 1227 2366 de
1246 2300 1365 2364 Monte
1384 2298 1461 2364 forti
1476 2308 1510 2363 et
1526 2296 1677 2364 Gilberto

522 2402 564 2466 de
580 2401 674 2467 Clare
689 2412 723 2467 et
733 2399 945 2486 complicibus
960 2401 1039 2465 suis.
1085 2399 1172 2465 Cum
1186 2421 1245 2486 per
1258 2419 1407 2485 guerram
1418 2408 1452 2465 et
1460 2399 1681 2465 turbationem

520 2505 703 2589 generalem
718 2504 753 2569 in
767 2525 867 2588 regno
881 2513 1006 2584 nostro,
1021 2524 1080 2588 per
1092 2525 1152 2569 vos
1164 2504 1233 2588 jam
1257 2501 1418 2582 subortas,
1440 2523 1569 2567 necnon
1583 2511 1618 2567 ct
1631 2504 1682 2567 in-

522 2605 637 2670 cendia
650 2615 685 2671 et
698 2605 760 2670 alia
774 2605 916 2690 dampna
930 2605 1086 2686 enormis,
1101 2615 1256 2692 appareat
1276 2604 1447 2669 manifeste
1467 2605 1554 2690 quod
1577 2603 1682 2670 fideli-

521 2716 623 2773 tatem
638 2717 779 2774 vestrsm
801 2706 897 2773 nobis
912 2707 1054 2774 debitam
1076 2731 1145 2774 non
1170 2706 1363 2787 observatis,
1376 2729 1438 2772 nec
1454 2705 1494 2771 de
1509 2706 1681 2774 securitate

519 2809 666 2894 corporis
691 2809 796 2874 nostri
820 2809 856 2873 in
885 2809 992 2895 aliquo
1015 2810 1162 2889 curatis3
1184 2831 1223 2876 eo
1244 2808 1331 2895 quod
1355 2817 1521 2894 magnates
1542 2816 1577 2872 et
1600 2808 1680 2873 alios

522 2909 635 2976 fideles
664 2919 795 2976 nostros
820 2921 932 2976 nostre
961 2911 1038 2976 fidei
1061 2921 1251 2977 constanter
1275 2911 1479 2990 adherentes,
1505 2902 1681 2976 enormiter

522 3013 691 3096 gravastis,
703 3022 737 3078 et
750 3013 842 3098 ipsos
857 3034 917 3098 pro
932 3035 1031 3099 posse
1045 3023 1156 3080 vestro
1181 3035 1313 3099 gravare
1327 3013 1510 3099 proponitis
1525 3012 1611 3077 sicut
1623 3034 1683 3099 per

522 3115 645 3180 litteras
659 3125 783 3180 vestras
805 3113 902 3179 nobis
922 3115 1139 3199 significastis,
1160 3137 1221 3180 nos
1242 3136 1414 3200 gravamen
1439 3115 1587 3201 ipsorum
1602 3137 1679 3181 nos·

521 3225 608 3279 trum
623 3216 802 3300 proprium,
817 3225 851 3279 et
864 3215 1015 3281 inimicos
1030 3238 1143 3282 eorum
1154 3226 1285 3282 nostros
1309 3227 1510 3303 reputantes,
1524 3219 1679 3304 precipue

521 3340 597 3382 cum
623 3317 701 3382 dicti
726 3317 838 3382 fideles
861 3318 977 3398 nostri,
991 3340 1052 3404 pro
1075 3320 1231 3386 fidelitate
1246 3344 1305 3386 sua
1332 3322 1547 3400 observanda,
1563 3331 1677 3387 contra

521 3417 745 3483 infidelitatem
773 3429 916 3486 vestram
942 3420 1038 3486 nobis
1064 3421 1200 3488 viriliter
1222 3432 1258 3487 et
1286 3423 1427 3488 fideliter
1448 3424 1613 3502 assistant,
1636 3423 1677 3487 de

521 3529 630 3585 vestra
652 3521 824 3587 securitate
849 3523 902 3586 vel
923 3545 1032 3588 amore
1058 3544 1126 3589 uon
1150 3546 1311 3603 curamus,
1329 3525 1388 3590 sed
1411 3546 1484 3603 voa,
1509 3533 1677 3606 tamquam

521 3630 653 3686 nostros
678 3622 839 3705 inimicos,
855 3625 1049 3691 diffidamus.
1093 3628 1192 3692 Teste
1217 3649 1270 3691 me
1296 3627 1369 3710 ipso
1384 3625 1471 3710 apud
1487 3626 1612 3703 Lenes,
1628 3625 1674 3711 xij

522 3723 574 3788 die
590 3723 682 3803 Maii,
698 3747 785 3789 anno
799 3724 891 3808 regni
905 3726 1010 3790 nostri
1021 3727 1266 3812 quadragesimo
1287 3735 1415 3790 octavo.

565 3827 922 3912 Ricardus,Deigratis,
932 3828 1678 3913 RomanorumRexsemperAugustus,etEd-

519 3927 658 4007 wardus,
680 3928 815 3994 illustris
837 3928 936 4014 Regis
955 3928 1071 4015 Anglie
1088 3929 1334 4014 primogenitus,
1345 3929 1508 4014 ceterique
1518 3930 1676 4010 Berones,

519 4050 634 4094 omnes
651 4039 685 4096 et
703 4029 829 4097 nobiles
840 4030 986 4116 predicto
996 4031 1078 4117 Regi
1089 4030 1206 4118 Anglie
1217 4039 1405 4097 constanter
1420 4031 1543 4098 sincere
1563 4031 1627 4097 fide
1642 4041 1675 4097 et
