3920 5022
524 560 783 610 vrcscourruu
808 555 1093 604 nosnouruauu.
1337 535 1381 594 59

232 716 329 781 cario.
374 716 450 802 Ipse
464 735 541 781 vero
560 713 595 778 in
621 711 762 778 crastino
776 708 840 774 fuit
852 715 1058 794 presentatus
1072 702 1226 791 predictis
1242 699 1379 766 Beroni-

231 816 293 882 bus
319 819 407 903 apud
432 814 781 893 westmonasterium
814 820 865 876 set
890 832 957 876 non
985 809 1048 874 fuit
1070 807 1243 885 admissus,
1268 802 1379 889 prohi-

232 917 330 984 bente
350 920 495 984 Domino
511 920 600 1002 Rege
618 915 789 1001 perbreve
814 933 922 991 suum,
937 911 994 997 qui
1014 910 1109 976 valde
1132 917 1242 973 motus
1266 904 1330 970 luit
1343 903 1379 967 in

230 1018 311 1084 iram
326 1018 480 1084 adversus
494 1018 659 1082 civitatem
671 1014 819 1103 pluribus
830 1013 871 1079 de
885 1012 1001 1078 causis.

277 1121 396 1186 Postea
419 1119 583 1186 Dominus
609 1119 694 1197 Rex,
707 1116 764 1203 qui
789 1123 884 1181 antea
907 1113 1041 1179 miserat
1062 1111 1187 1177 litteras
1204 1130 1280 1176 sius
1299 1105 1380 1191 Regi

233 1220 367 1286 Francis
397 1220 505 1286 standi
532 1218 665 1285 arbitrio
688 1239 760 1298 suo,
788 1217 830 1281 de
858 1214 1072 1281 contencione
1099 1210 1319 1296 interipsum
1348 1217 1382 1273 et

233 1323 378 1388 Berones
391 1322 513 1403 habita,
527 1321 748 1387 transfretavit
760 1319 796 1383 in
811 1316 999 1404 Septimum
1013 1315 1140 1380 Natalis
1162 1323 1197 1380 et
1219 1311 1383 1377 Dominus

233 1425 415 1490 Edwardus
437 1435 472 1490 et
495 1423 550 1489 alii
567 1425 608 1489 de
623 1422 758 1489 consilio
773 1443 845 1501 suo,
860 1420 902 1485 ad
915 1420 1152 1506 parlamentum
1168 1415 1267 1500 Regis
1283 1416 1384 1480 Fran·

234 1527 294 1591 cie.
338 1527 465 1605 Petrus,
480 1547 569 1604 vero,
583 1525 624 1589 de
639 1525 769 1603 Monte,
783 1521 959 1607 etquidem
973 1520 1028 1586 alii
1041 1541 1084 1585 ex
1099 1529 1191 1605 parte
1206 1518 1384 1594 Baronum,

234 1647 373 1713 quorum
380 1626 490 1690 literas
505 1625 621 1691 eodem
631 1625 730 1690 modo
745 1624 911 1710 predictus
927 1623 998 1690 Rex
1008 1620 1125 1687 habuit
1135 1629 1285 1706 patentes
1295 1618 1386 1704 quod

236 1738 360 1794 starent
373 1727 507 1793 arbitrio
522 1749 594 1807 suo,
608 1729 908 1792 transfretaverunt.

280 1830 352 1894 Rex
366 1837 476 1892 autem
490 1827 667 1912 predictus,
682 1827 735 1893 die
750 1826 908 1894 Mercurii
922 1835 997 1891 ante
1012 1825 1258 1891 conversionem
1274 1823 1384 1888 Sancti
1399 1827 1434 1873 ne
1445 1822 1543 1901 arbim
1567 1887 1573 1898 ,

237 1931 340 2010 Pauli,
361 1931 535 1996 declaravit
554 1929 722 1996 arbitrium
738 1951 846 2001 suum,
861 1929 954 2014 cujus
968 1938 1064 1994 tenor
1077 1928 1151 1993 talis
1166 1936 1227 1992 est.
1271 1927 1386 2005 “Ncs,
1479 1891 1590 1937 ΜΝ

236 2032 384 2120 partibus
410 2033 596 2099 convocatis
620 2032 802 2112 Ambianis,
827 2031 973 2098 Domino
996 2033 1086 2117 Rege
1110 2031 1227 2116 Anglie
1251 2050 1388 2116 person·

237 2136 340 2214 aliter,
354 2144 389 2200 et
403 2132 597 2219 quibusdam
612 2134 652 2199 de
668 2131 851 2198 Beronibus
872 2153 932 2217 per
957 2153 1002 2209 se,
1015 2141 1049 2196 et
1063 2132 1133 2198 aliis
1157 2153 1217 2218 per
1234 2151 1387 2217 procura·

236 2245 324 2301 tores
348 2234 612 2319 comparentibus
635 2256 744 2300 coram
764 2232 872 2313 nobis,
888 2233 1007 2300 auditis
1022 2233 1099 2298 hinc
1118 2233 1195 2298 inde
1209 2230 1386 2320 propositis

237 2349 272 2406 et
287 2337 541 2418 defensionibus,
555 2359 593 2402 ac
615 2335 797 2404 rationibus
818 2337 962 2423 partium
984 2336 1113 2423 plenius
1138 2336 1322 2415 intellectis,
1338 2345 1387 2400 at·

237 2443 409 2508 tendentes
423 2461 483 2527 per
495 2441 710 2527 provisiones,
725 2440 957 2519 ordinationes,
972 2449 1150 2517 statutam
1173 2440 1387 2526 obligationes

238 2542 379 2622 Omnia,
394 2549 429 2606 ct
454 2561 513 2626 per
536 2562 585 2622 aa,
600 2564 663 2628 que
687 2563 729 2607 ex
754 2541 802 2606 eis
825 2551 859 2607 et
885 2542 1055 2608 occasione
1075 2564 1188 2608 eorum
1212 2541 1388 2608 subsecuta

239 2655 327 2726 sunt,
339 2645 405 2730 juri
430 2653 464 2709 et
488 2644 607 2710 honori
632 2645 721 2730 regio
746 2644 925 2729 plurimum
949 2646 1051 2710 fuisse
1080 2645 1273 2726 detractum,
1297 2648 1389 2732 regni

238 2747 469 2826 turbationem,
495 2745 703 2811 ecclesiarum
732 2745 976 2829 depressionem
1001 2757 1035 2810 et
1064 2746 1340 2832 depredationem,
1354 2761 1389 2814 et

238 2850 309 2914 aliis
324 2847 472 2935 personis
487 2847 590 2933 ipsius
604 2847 705 2932 regni,
717 2846 941 2912 ecclesiasticis
956 2857 990 2912 et
1006 2848 1216 2928 secularibus,
1227 2849 1388 2935 indigenis

238 2963 274 3018 et
299 2949 498 3035 alienigenis,
515 2949 705 3033 gravissima
719 2948 890 3033 dispendia
903 2948 1113 3033 provenisse3
1136 2959 1180 3029 et,
1195 2952 1283 3031 quod
1304 2954 1389 3018 veri·

239 3053 388 3118 similiter
410 3049 595 3131 timebatur,
618 3071 661 3116 ne
680 3049 827 3136 graviora
852 3051 1055 3133 contigerant
1067 3051 1102 3115 in
1126 3052 1284 3132 futurum,
1300 3075 1389 3119 eom·

241 3155 405 3221 manicata
418 3152 580 3218 bonorum
591 3162 625 3218 et
634 3164 821 3239 magnatum
836 3153 983 3234 consilio,
998 3154 1159 3240 predictas
1174 3157 1389 3241 provisiones,

239 3254 471 3333 ordinationes,
482 3264 614 3336 statuta,
625 3267 660 3321 et
669 3255 894 3340 obligationes,
906 3277 1099 3342 quocunque
1113 3259 1245 3323 nomine
1256 3268 1389 3326 tenean-

239 3369 304 3437 tur,
318 3365 353 3420 et
378 3355 530 3441 quicquid
554 3378 594 3422 ex
619 3357 678 3439 eis,
692 3358 745 3422 vel
767 3357 939 3423 occasione
962 3379 1083 3438 earum,
1099 3359 1312 3427 subsecutum
1326 3375 1387 3445 est,

243 3481 302 3547 per
316 3458 440 3523 dictum
455 3467 605 3522 nostrum
620 3468 655 3524 et
668 3458 908 3524 ordinationem
931 3469 1077 3525 nostram
1092 3483 1257 3528 cassamus
1273 3476 1306 3529 et
1315 3465 1387 3531 irri-

239 3573 367 3640 tamus3
397 3559 537 3624 maxime
560 3581 635 3624 cum
660 3568 813 3645 appareat
841 3582 1007 3626 summum
1033 3561 1223 3628 Pontificem
1250 3586 1305 3630 eas
1331 3589 1390 3652 per

240 3685 315 3729 suas
330 3661 454 3727 litteras
469 3683 577 3726 cassas
591 3671 626 3726 et
650 3661 757 3726 irritas
780 3661 972 3741 nunciasse3
995 3662 1193 3745 ordinantes,
1208 3669 1296 3751 quod
1321 3677 1389 3736 tam

241 3767 347 3831 dictus
363 3765 434 3828 Rex
458 3786 557 3849 quam
572 3765 729 3845 Berones,
744 3773 779 3830 et
803 3765 858 3830 alii
883 3765 1067 3852 quicunque
1081 3770 1226 3852 presenti
1240 3791 1390 3856 compro-

240 3868 341 3932 misso
363 3876 611 3946 consenserunt,
627 3876 662 3932 et
684 3868 725 3933 dc
744 3867 899 3953 predictis
920 3866 1131 3934 observandis
1147 3891 1183 3935 se
1194 3893 1390 3960 quocunque

240 3967 340 4032 modo
354 3966 585 4047 astrinxerunt,
601 3990 635 4034 se
649 3969 690 4035 de
710 3969 834 4034 eisdem
850 3969 997 4054 quietent
1010 3970 1140 4054 penitus
1160 3982 1194 4037 et
1208 3972 1390 4043 absolvant.

240 4064 422 4151 Adjicimus
437 4067 535 4133 etiam
550 4069 648 4154 quod,
663 4091 704 4135 ex
719 4071 752 4136 vi
763 4093 822 4136 seu
847 4070 971 4136 viribus
989 4070 1208 4156 predictarum
1230 4076 1390 4159 provisio-
