3856 5038
445 517 518 584 eslii
957 541 1134 590 russeus.

445 693 645 770 speetenbbus,
655 694 691 751 de
701 695 865 771 cupientibus
880 697 998 756 dominis
1011 695 1159 756 feodorum
1171 695 1283 754 illorum
1296 713 1347 773 per
1357 691 1474 751 servicis
1487 689 1552 749 inde
1565 691 1643 768 prius

444 788 537 846 debite
556 799 585 848 et
604 799 739 850 eonsuets
758 793 969 871 imperpetuum,
983 795 1012 854 in
1026 793 1151 854 velorum
1171 793 1374 870 quinquaginta
1393 807 1551 848 muranum
1568 797 1643 846 terre

443 905 494 963 per
512 906 618 946 ennnm
638 890 667 946 in
687 899 796 968 purtem
815 891 1012 952 utisfsotionis
1032 901 1143 950 omnim
1163 891 1328 949 libretsrnm
1341 897 1416 947 terre
1428 907 1594 955 mnnnrmn,
1606 887 1642 944 de

444 982 546 1057 quibus
560 983 652 1042 eidem
677 986 790 1062 liugero
811 1007 863 1064 pro
882 988 1000 1046 servioio
1014 1007 1066 1047 suo
1079 987 1204 1066 predicto
1218 986 1270 1044 sibi
1284 995 1313 1044 et
1326 985 1408 1043 dietis
1421 983 1569 1042 heredebus
1582 983 1642 1040 suis

442 1077 578 1136 bsbendis
587 1081 765 1155 promisimus
778 1083 934 1158 providere,
947 1093 1031 1160 prout
1044 1085 1073 1140 in
1086 1083 1188 1141 litteris
1200 1083 1304 1140 nostris
1319 1079 1484 1140 Prtenubus
1497 1078 1563 1136 inde
1575 1095 1642 1136 oon·

442 1173 523 1232 fectis
542 1177 651 1254 plenius
672 1179 841 1249 continetur,
862 1179 933 1248 Nos,
947 1179 982 1238 de
995 1199 1111 1240 assensu
1126 1179 1312 1248 Preietorum,
1326 1179 1481 1242 conium,
1496 1177 1641 1236 Bemnusn

442 1279 471 1329 et
492 1273 645 1334 Procerum
664 1277 851 1354 predictorum
871 1280 1058 1338 conoessimus
1078 1297 1130 1356 pro
1149 1279 1230 1336 nobis
1250 1287 1279 1336 et
1299 1276 1448 1335 heredibus
1461 1276 1565 1334 nosuis
1578 1294 1641 1353 pre-

441 1367 501 1427 fsto
516 1370 631 1446 Rogero
644 1393 696 1450 pro
710 1391 739 1430 se
752 1383 781 1430 et
794 1373 875 1432 dietis
889 1374 1038 1432 heredibus
1057 1376 1114 1434 suis
1134 1381 1245 1432 eentum
1258 1391 1368 1432 meroes
1381 1371 1571 1448 pereipieudss
1585 1373 1640 1429 sin-

440 1463 516 1539 gulis
528 1467 608 1523 unnis
622 1466 658 1525 sd
673 1467 850 1527 &ocenum
863 1478 990 1527 nostrum
1010 1469 1048 1528 nd
1067 1471 1140 1528 feste
1156 1469 1251 1528 sinoti
1266 1467 1414 1526 Michaelis
1427 1475 1456 1524 et
1470 1465 1579 1526 Pssebe
1591 1485 1641 1544 per

441 1560 554 1636 equeles
577 1565 728 1640 portiones,
742 1585 888 1643 quousque
902 1565 990 1624 dictes
1011 1577 1123 1625 oenurm
1143 1573 1282 1624 memus
1301 1573 1376 1622 terre
1388 1583 1496 1622 sununs
1510 1565 1545 1622 de
1559 1565 1640 1623 dietis

440 1663 552 1713 eentum
575 1657 684 1716 libretis
708 1667 782 1718 terre
804 1661 896 1720 sdhuo
920 1670 1094 1720 remanentes
1116 1662 1170 1720 eibi
1193 1671 1221 1720 et
1247 1660 1396 1719 heredibus
1423 1660 1481 1718 suis
1507 1659 1639 1737 predictis

438 1751 589 1812 seuerimus
603 1757 761 1833 provideri;
780 1759 821 1816 its
834 1767 926 1817 temen
941 1759 1015 1836 qnod
1030 1761 1053 1817 si
1068 1760 1121 1817 sibi
1134 1769 1163 1817 et
1175 1759 1325 1818 heredibus
1345 1758 1403 1816 suis
1422 1758 1554 1834 predictis
1574 1757 1639 1818 inde

439 1849 625 1928 particulatim
649 1871 700 1930 per
720 1871 771 1911 nos
795 1863 823 1912 et
846 1854 963 1912 heredes
992 1863 1103 1914 nostros
1127 1856 1270 1932 provisum
1290 1854 1386 1922 luerit,
1407 1862 1474 1911 tuno
1498 1853 1534 1912 de
1557 1853 1639 1912 dictis

438 1955 552 2004 eentum
565 1949 665 2006 merois
678 1952 778 2010 annuis
792 1961 902 2010 tentum
916 1953 1037 2021 decidet,
1048 1961 1185 2028 quantum
1200 1953 1253 2010 sibi
1264 1951 1309 2008 vel
1323 1951 1405 2008 dictis
1418 1950 1567 2009 heredibus
1581 1953 1639 2010 suis

438 2063 488 2119 per
512 2045 575 2102 Nos
588 2046 634 2104 rel
654 2046 770 2106 heredes
790 2059 902 2108 nostros
922 2051 1066 2128 provisum
1086 2049 1180 2118 fuerit,
1194 2058 1226 2107 ut
1239 2059 1282 2107 est
1296 2049 1413 2107 dieterm.
1453 2049 1489 2106 ln
1502 2051 1583 2126 eujus
1597 2051 1636 2107 rei

436 2142 626 2200 testimonium
647 2143 698 2202 bns
722 2145 830 2203 litteras
853 2156 964 2205 nostres
985 2147 1046 2204 fleri
1070 2146 1188 2204 lenimus
1213 2155 1350 2224 petentes.
1397 2147 1484 2204 Teste
1507 2166 1553 2204 me
1576 2147 1638 2223 ipsu

440 2235 516 2313 opud
527 2237 672 2296 Gosel'ord
686 2240 714 2296 in
730 2239 990 2304 Nerthumberleud
1003 2243 1053 2302 xii·
1066 2243 1111 2302 die
1121 2244 1256 2322 Augusti,
1270 2261 1346 2302 enno
1356 2243 1434 2320 regni
1444 2243 1532 2301 nostri
1542 2245 1639 2302 tertio·

438 2331 555 2394 decimo.

436 2535 504 2582 three
522 2535 626 2583 obertess
644 2551 675 2583 ou
692 2537 734 2583 tbe
753 2537 840 2586 Pstent
860 2537 923 2596 lioll,
942 2538 1000 2588 lom
1013 2539 1082 2587 lbdrr.
1094 2539 1137 2598 11,
1148 2553 1192 2600 pro
1204 2540 1296 2601 liugero
1310 2539 1439 2598 Demmury
1455 2543 1480 2586 et
1496 2537 1636 2586 minusue

436 2629 512 2662 uxore
523 2618 586 2677 qus:

469 2698 522 2744 Rex
533 2699 643 2746 omuibus
653 2700 684 2745 sd
696 2715 763 2760 quos,
774 2701 819 2748 &u
853 2701 947 2760 Sentis,
967 2702 1032 2763 quod
1051 2717 1117 2758 num,
1134 2717 1178 2764 pro
1197 2704 1260 2752 bono
1276 2709 1300 2750 et
1316 2702 1432 2749 undstili
1448 2701 1555 2760 sorrioio,
1569 2701 1635 2762 qnod

436 2779 538 2828 diluetur
548 2786 573 2827 et
586 2781 663 2829 fidelis
679 2789 759 2830 noetm
776 2782 883 2845 Rogorus
897 2784 1025 2845 Demmorp
1043 2786 1111 2832 nobis
1127 2799 1204 2845 nuper
1220 2785 1245 2830 in
1260 2785 1373 2832 eonlliotu
1384 2785 1448 2830 inter
1458 2799 1501 2830 nus
1517 2791 1543 2830 et
1553 2783 1636 2830 Sontes

436 2859 546 2910 inimicos
557 2867 582 2906 et
592 2861 691 2910 rebelles
707 2869 799 2910 nosnos
814 2865 879 2926 spud
897 2864 1020 2926 Stryvelyn
1037 2866 1119 2912 bibito
1136 2867 1261 2925 impendit,
1279 2865 1465 2925 promisissemus
1483 2865 1540 2911 dsre
1557 2865 1635 2912 sidu

435 2939 527 3000 liugero
547 2947 644 2989 uentum
664 2951 780 2994 merentes
798 2951 860 2992 terre
882 2961 925 3010 per
940 2962 1040 3006 snnnm,
1056 2947 1179 2994 bebendss
1195 2955 1218 2994 et
1229 2948 1398 2994 tenendsssibi
1411 2947 1573 2994 otbesedibus
1586 2947 1636 2994 suls

434 3021 620 3082 imperpetuum,
635 3023 692 3080 Nos,
704 3023 808 3071 volentes
818 3027 997 3085 promisionem
1013 3033 1118 3073 nostrsm
1134 3029 1168 3073 sie
1185 3027 1271 3074 mutem
1289 3029 1419 3083 observsre,
1436 3034 1507 3087 prout
1523 3029 1600 3085 deest,
1611 3033 1635 3075 st

434 3114 462 3147 eo
478 3100 592 3148 libentius
609 3103 667 3162 quie
685 3103 749 3152 idem
768 3107 876 3166 hogerus
894 3108 1058 3155 Elimbethsm
1076 3109 1106 3156 de
1126 3109 1207 3170 liurgo
1222 3111 1424 3171 oonssnguinesm
1444 3115 1549 3156 nostrum
1563 3112 1633 3158 oeris-

433 3177 518 3226 sim'sm
536 3181 606 3228 duxit
625 3183 651 3228 in
668 3198 777 3242 uxorem,
797 3187 919 3247 ipsumque
940 3187 1112 3246 Elimbetbem,
1132 3203 1181 3238 uun
1198 3204 1254 3238 eum
1274 3190 1357 3239 eodem
1375 3193 1476 3252 liugero,
1501 3193 1634 3253 prospioere

434 3261 543 3322 grstiose,
555 3263 665 3310 dedimus
676 3271 700 3311 et
710 3267 869 3316 eoncessimus
879 3283 922 3329 pro
934 3269 1002 3315 nobis
1018 3277 1041 3316 et
1059 3271 1186 3320 heredibus
1203 3273 1289 3318 nostris
1306 3274 1403 3332 profetis
1414 3274 1508 3334 liugero
1519 3279 1543 3321 ei
1555 3275 1632 3322 Elim-

434 3341 505 3387 betbe
524 3343 657 3390 manerium
672 3345 702 3392 de
720 3345 864 3394 Feukesbnll
880 3363 936 3396 oum
955 3351 1112 3411 pertinentiis,
1131 3351 1197 3412 quod
1221 3351 1337 3401 llieerdus
1357 3355 1388 3400 de
1410 3354 1534 3414 Gereseye,
1556 3369 1633 3416 nuper

436 3421 555 3468 Pinoerne
572 3423 670 3483 hospicii
688 3427 769 3484 nostri,
787 3429 865 3476 tenuit
883 3431 914 3476 sd
934 3431 1063 3477 terminum
1081 3432 1128 3478 vite
1146 3447 1196 3489 sue,
1215 3437 1239 3478 et
1256 3433 1321 3492 qnod
1341 3440 1510 3494 postmortem
1527 3437 1633 3496 ejusdem

437 3503 536 3550 Rioerdi
553 3505 585 3550 nd
600 3519 697 3552 menum
715 3515 819 3556 nubum
834 3512 885 3573 jem
902 3513 1006 3571 devenit,
1024 3513 1170 3560 Hebendum
1192 3520 1216 3560 et
1233 3516 1364 3563 tenendum
1384 3518 1472 3564 eisdem
1492 3517 1586 3579 Rogero
1609 3525 1634 3566 et

435 3582 575 3630 Elimbetbe
595 3591 618 3631 et
636 3584 762 3634 heredibus
784 3591 857 3650 ipsius
876 3591 971 3652 hogeri,
990 3607 1039 3638 uns
1058 3607 1115 3639 eum
1130 3593 1205 3639 leodis
1220 3593 1332 3653 militum,
1348 3597 1543 3644 odinationibus
1557 3597 1633 3644 eoele-

432 3664 530 3722 siernm,
546 3671 570 3711 et
587 3666 698 3714 omnibns
714 3667 767 3714 diis
782 3672 813 3718 sd
831 3673 965 3718 menesium
983 3673 1052 3719 illum
1068 3673 1238 3733 speetuutibm,
1254 3674 1285 3719 de
1300 3677 1443 3736 oepitnlibus
1454 3677 1557 3723 dominis
1568 3676 1631 3724 leodi

432 3746 498 3793 illius
509 3761 552 3808 per
562 3748 660 3798 nervine
671 3750 728 3798 inde
745 3753 825 3802 debite
840 3763 863 3802 et
880 3761 993 3804 consuete
1003 3757 1187 3818 imperpetuum,
1198 3757 1223 3802 in
1235 3756 1338 3802 velorem
1350 3757 1433 3816 viginti
1444 3757 1560 3802 librarum
1570 3763 1632 3804 tene

431 3843 582 3890 perennem,
594 3830 619 3876 in
630 3837 697 3892 perte
707 3833 873 3879 estislnotionis
883 3832 1000 3880 dictarum
1012 3840 1108 3880 eentum
1120 3847 1253 3882 meruerunt
1265 3838 1333 3880 terre.
1375 3835 1404 3880 In
1415 3835 1492 3894 nujus,
1501 3835 1546 3882 &o
1562 3834 1632 3882 ‘leste

431 3910 497 3971 hege
507 3911 572 3971 opud
584 3911 783 3960 Nonbnmtonnm
794 3917 861 3958 sexte
872 3912 912 3958 die
922 3911 938 3957 J
940 3911 991 3958 ulii.
1285 3911 1332 3957 Per
1343 3913 1420 3971 ipsum
1434 3913 1531 3972 Regem.

462 3993 498 4052 Β]
515 3995 624 4054 previous
640 3995 753 4054 chunus,
773 3994 844 4041 dnted
863 3994 1016 4054 respectively
1032 4000 1058 4041 ut
1077 3993 1220 4051 Clnrendon,
1239 3993 1297 4040 lltb
1318 3993 1387 4051 reo,
1405 3993 1454 4042 end
1472 3999 1498 4040 st
1510 3991 1630 4052 Windsor,

428 4075 472 4123 ³rd
486 4074 548 4134 hley,
560 4071 632 4132 1317,
644 4075 684 4123 the
701 4089 786 4122 muuor
796 4074 822 4119 ol
839 4073 977 4134 Helghtene
988 4075 1014 4120 oi
1023 4075 1064 4120 the
1072 4074 1140 4120 velue
1151 4075 1177 4120 ol
1186 4072 1244 4130 7ci.‚
1258 4075 1307 4120 end
1318 4075 1359 4122 the
1370 4089 1455 4120 menos·
1465 4074 1492 4120 ol
1501 4073 1630 4122 Snndbnlle

427 4159 453 4208 oi
462 4158 503 4204 tbe
515 4157 582 4204 selue
593 4158 621 4202 oi
629 4157 693 4206 uolt.
707 4172 768 4206 were
779 4156 880 4218 granted
892 4162 916 4202 to
927 4156 968 4204 the
979 4169 1043 4202 mme
1055 4156 1141 4220 parties
1154 4157 1177 4206 in
1190 4156 1238 4202 lihe
1250 4157 1319 4207 form.
