3920 5022
573 612 833 654 viceconrrnsr
861 611 1149 655 nnxoosrnnusr.
1396 597 1435 651 25

280 761 411 848 prebuit
432 763 596 826 Dominus
615 763 772 826 Ricardus
789 762 910 827 Comes
924 761 1102 841 Cornubie,
1117 763 1216 827 frater
1234 761 1313 826 dicti
1328 763 1438 848 Regis,

280 889 453 932 assensum
468 866 619 931 electioni
633 865 817 951 principum
834 866 1036 944 Alemannis,
1052 866 1109 952 qui
1122 887 1197 931 eum
1221 865 1382 951 elegerant
1403 864 1437 931 in

281 969 402 1053 Regem
418 991 542 1034 eorum.
592 969 716 1033 Eadem
733 969 812 1032 hora
827 968 912 1032 illius
927 968 991 1032 diei
1013 969 1076 1033 fuit
1089 978 1267 1054 tempestas
1281 969 1388 1033 valida
1403 979 1437 1033 et

278 1072 432 1150 tonitrua,
450 1082 484 1136 et
500 1071 764 1135 choruscationes
776 1071 863 1155 apud
879 1071 1067 1136 Londonias
1083 1082 1116 1136 et
1131 1071 1216 1136 alibi.

325 1174 491 1240 Usualiter
524 1173 728 1238 consuetudo
765 1181 826 1250 est,
850 1174 980 1258 quando
1009 1176 1156 1260 pecunia,
1185 1198 1282 1260 quam
1313 1175 1433 1240 debent
1443 1175 1531 1286 ξ’
1502 1177 1637 1224 mm

277 1277 375 1342 vendi
389 1298 449 1363 per
464 1285 629 1353 stateram,
652 1275 859 1391 ponderatur,
875 1277 963 1361 quod
982 1287 1101 1342 statera
1116 1278 1214 1342 debet
1228 1278 1388 1343 trabere
1380 1301 1430 1342 ιιι-
1415 1303 1520 1366 weyt
1459 1242 1655 1289 mmmm

278 1379 428 1445 elinando
444 1399 558 1443 versus
570 1378 752 1463 pecuniam,
764 1389 899 1462 excepto
911 1402 988 1444 auro
1000 1391 1034 1444 et
1045 1391 1188 1464 argento,
1198 1381 1286 1466 quod
1301 1403 1429 1466 semper

276 1482 477 1568 ponderatur
501 1502 560 1566 per
584 1480 727 1544 medium
754 1480 893 1560 clavum,
922 1503 1028 1566 neque
1054 1483 1185 1547 trahens
1215 1484 1256 1548 ad
1285 1484 1425 1568 pondam

275 1607 381 1671 neque
407 1584 448 1648 ad
472 1604 587 1646 aurum
613 1581 682 1646 sive
706 1582 747 1646 ad
770 1599 957 1666 argentum
980 1595 1014 1648 et
1036 1585 1122 1669 quod
1144 1586 1349 1670 ponderator,
1372 1588 1427 1671 qui

275 1687 474 1773 ponderatur
497 1707 555 1770 per
581 1693 733 1748 stateram
754 1685 889 1748 Domini
911 1687 1008 1771 Regis
1031 1688 1066 1751 in
1090 1687 1241 1766 Civitate,
1256 1711 1313 1774 per
1328 1690 1426 1774 hujus

277 1800 416 1853 tractum
433 1789 542 1874 potuit
555 1787 690 1872 prebere
706 1788 819 1871 'majus
834 1789 964 1872 pondus
987 1789 1044 1852 uni
1068 1812 1166 1875 quarn
1186 1790 1260 1870 alio,
1285 1792 1352 1856 sive
1368 1814 1426 1877 per

275 1892 416 1956 savorem
434 1891 502 1955 sive
520 1912 578 1974 per
594 1890 755 1967 timorem,
768 1889 835 1954 sire
850 1891 997 1956 mercede
1011 1892 1258 1973 interveniente,
1274 1895 1345 1958 sive
1361 1897 1426 1960 sor-

275 1993 358 2057 sitan
375 2015 433 2078 per
450 1990 676 2078 ignorantiam.
722 1992 892 2057 Provisum
909 1995 971 2058 fuit
983 2005 1017 2059 et
1032 2006 1202 2075 statutum,
1224 1998 1277 2062 die
1293 1998 1426 2064 Sabbati

272 2106 349 2181 post
371 2097 491 2160 festum
524 2094 634 2159 Sancti
659 2093 809 2158 Nicholai
835 2117 921 2159 anno
951 2098 1040 2182 regni
1068 2099 1167 2182 Regis
1197 2099 1331 2165 Henrici
1364 2101 1424 2165 filii

274 2199 372 2282 Regis
388 2197 549 2263 Johannis
565 2197 621 2280 xlj.
639 2195 728 2280 quod
750 2197 856 2260 omnis
882 2199 1029 2282 pecunia,
1053 2223 1115 2285 que
1131 2201 1230 2266 debet
1245 2203 1341 2267 vendi
1367 2225 1426 2288 per

274 2310 410 2366 stateras
427 2299 525 2385 Regis
540 2300 575 2363 in
592 2297 742 2378 Ciuitate,
757 2299 957 2383 ponderetur
971 2302 1055 2367 siout
1069 2326 1183 2367 aurum
1200 2317 1233 2369 et
1244 2316 1424 2391 argentum,

272 2403 373 2469 nichil
397 2405 529 2468 trahens
548 2423 662 2469 versus
685 2402 875 2486 pecuniam3
900 2413 934 2468 et
947 2427 1007 2490 pro
1022 2415 1127 2471 tractu
1153 2408 1298 2492 predicto
1324 2408 1423 2473 debet

273 2507 423 2572 venditor
442 2508 518 2572 dare
542 2504 681 2590 emptori
704 2504 744 2569 ad
768 2506 946 2590 quemlibet
976 2519 1118 2588 centurn,
1144 2527 1284 2593 quatuor
1314 2511 1423 2576 libras.

272 2610 364 2676 Tunc
395 2611 560 2695 provisum
589 2608 651 2672 fuit
675 2608 764 2691 quod
792 2609 990 2692 ponderator
1018 2633 1077 2695 pro
1103 2611 1212 2678 labore
1241 2637 1301 2678 suo
1328 2613 1426 2678 debet

271 2712 389 2778 habere
414 2736 474 2799 pro
497 2736 564 2778 uno
587 2720 718 2776 eentum
741 2731 799 2793 per
825 2733 860 2774 se
881 2712 1072 2795 ponderato,
1094 2737 1195 2778 unum
1217 2716 1361 2794 obolum,
1391 2729 1425 2781 et

272 2815 311 2881 de
333 2817 481 2901 pluribus
496 2811 689 2881 centenariis
706 2810 746 2874 de
762 2810 907 2895 quolibet
921 2825 1053 2877 centum
1070 2837 1172 2878 unum
1198 2819 1422 2901 quadrantem,

271 2931 305 2976 et
320 2913 366 2978 sic
381 2913 421 2978 de
437 2912 592 2977 milliariis
608 2913 690 2976 duos
706 2912 855 2976 denarios
870 2923 904 2976 et
919 2913 1062 2979 obolum.

314 3016 412 3080 Anno
436 3014 551 3079 eodem
582 3015 746 3078 Henricus
770 3014 811 3079 de
839 3015 899 3094 Ba,
924 3014 1138 3096 Justitiarius,
1161 3019 1253 3084 venit
1274 3021 1308 3084 in
1328 3022 1421 3087 Gild-

269 3116 336 3180 hall
365 3116 619 3195 Londoniarum,
644 3117 792 3181 deferens
819 3117 915 3184 breve
946 3118 1080 3184 Domini
1110 3121 1208 3208 Regis
1239 3123 1358 3190 Maiori
1387 3139 1421 3190 et

270 3217 534 3298 vicecomitibus,
549 3218 605 3304 qui
620 3221 766 3284 fecerunt
785 3221 894 3286 venire
914 3244 1021 3287 eoram
1048 3245 1086 3288 eo
1110 3247 1224 3290 omnes
1246 3227 1419 3293 vinetarios

269 3320 420 3398 civitatis,
436 3341 518 3405 quos
535 3341 648 3386 omnes
663 3322 767 3388 voluit
789 3326 960 3390 amerciare
975 3347 1035 3411 pro
1051 3328 1305 3412 transgressione
1319 3333 1419 3397 assisa

266 3423 333 3487 vini
346 3448 356 3501 3
381 3422 434 3487 cui
460 3423 547 3487 cives
571 3425 810 3509 responderunt
832 3429 949 3511 “quod
974 3429 1132 3508 vinetarii,
1156 3431 1213 3516 qui
1227 3437 1418 3520 transgressi

268 3535 346 3589 sunt
360 3525 507 3604 assisam,
528 3526 649 3591 debent
674 3537 708 3590 et
730 3527 836 3591 solent
857 3530 1062 3595 solummodo
1088 3533 1251 3598 amerciari
1274 3537 1315 3600 ad
1330 3559 1418 3602 com-

267 3628 378 3693 munia
407 3629 525 3713 placita
554 3651 683 3707 corone,
701 3651 765 3693 non
797 3651 906 3695 coram
927 3633 1111 3698 Justitiario
1140 3637 1226 3720 apud
1255 3639 1416 3705 brrrimss’

266 3730 395 3798 Quibus
411 3732 433 3797 J
436 3734 614 3798 ustrtranus
629 3733 711 3798 dixit
727 3737 748 3770 “
758 3733 847 3819 quod
863 3735 925 3800 hoc
940 3758 1007 3800 non
1028 3738 1148 3804 sufficit
1162 3740 1307 3806 Domino
1324 3744 1416 3830 Regi,

267 3833 355 3917 quod
371 3827 437 3899 non
453 3835 605 3900 videtur'
593 3848 718 3922 Justum
734 3858 794 3901 nec
810 3857 940 3922 equum,
956 3840 1044 3924 quod
1058 3839 1105 3905 illi
1120 3842 1242 3908 debent
1256 3854 1415 3931 transgre-

264 3932 339 3997 dere
354 3936 488 4002 assisam
499 3961 557 4023 per
572 3940 626 4004 vii.
641 3962 745 4005 annos
760 3942 812 4006 vel
826 3943 985 4028 amplius
976 3966 1122 4028 impune,
1137 3955 1171 4008 et
1185 3967 1258 4009 esse
1273 3957 1415 4015 tantum·

265 4035 363 4104 modo
379 4058 438 4120 pro
460 4049 511 4103 tot
536 4043 845 4127 transgressionibus
861 4046 961 4110 semel
975 4047 1205 4112 ammerciati.”
1249 4049 1302 4114 Ad
1328 4055 1426 4136 quod

263 4158 457 4222 responsum
472 4142 545 4221 fuit,
571 4145 689 4228 “quod
707 4145 869 4210 Dominus
894 4149 964 4212 Rex
980 4149 1064 4214 solet
1085 4161 1119 4215 et
1142 4161 1261 4233 potest,
1285 4155 1414 4238 quando

309 4261 423 4306 cauo.
441 4262 516 4307 soc.
1220 4275 1241 4316 s
