3930 5088
553 617 810 664 vrcnoorrrrurr
836 619 1122 666 nonnonrnnurr.
1343 609 1402 666 153

260 787 373 831 sersus
393 787 518 847 omnes,
539 777 608 833 tam
622 768 747 834 Judeoa
772 793 869 855 quam
886 769 1108 851 Christianos3
1132 779 1167 836 et
1180 782 1294 857 postea
1307 795 1406 838 vene-

260 879 339 934 runt
351 869 387 934 in
405 891 531 936 camera
540 871 713 952 Giidhalie,
727 873 784 938 ubi
795 873 1006 939 Aldermanni
1020 884 1055 940 ct
1068 875 1231 960 predictus
1240 877 1405 943 Walterus

261 993 335 1036 curn
350 972 575 1039 innumerabili
596 975 718 1060 populo
733 975 917 1061 congregati
934 977 1067 1041 fuerunt
1076 1002 1086 1058 3
1109 988 1143 1044 et
1156 979 1266 1045 audita
1285 979 1406 1044 discor·

261 1073 325 1154 dia,
336 1097 399 1160 que
413 1075 475 1140 fuit
492 1076 577 1141 inter
590 1075 830 1144 Aldermannos
845 1087 879 1142 et
899 1077 1009 1162 ipsum
1024 1079 1217 1161 Walterum,
1239 1081 1405 1167 predictus

262 1175 382 1243 Comes
396 1177 511 1244 videns
531 1188 659 1244 tantum
674 1180 833 1264 populum
853 1179 1061 1246 adherentem
1083 1182 1171 1248 dioto
1186 1183 1343 1264 Waltero,
1362 1205 1405 1248 ne

259 1279 474 1364 tranquillitas
501 1279 651 1345 Civitatis
681 1280 924 1365 perturbaretur
946 1281 1051 1347 voluit
1072 1305 1146 1348 eum
1178 1283 1212 1348 in
1243 1284 1404 1350 Maiorem

261 1380 414 1460 [admitti.
457 1381 518 1446 Set
545 1381 757 1446 Aldermanni
784 1381 937 1446 dixerunt
963 1381 995 1447 ei
1023 1382 1111 1468 quod
1134 1383 1215 1449 illud
1238 1385 1403 1470 negotium
1410 1404 1450 1465 so.
1464 1403 1510 1453 184
1521 1412 1558 1454 ra

260 1480 406 1564 positum
425 1481 489 1546 fuit
512 1481 546 1546 in
572 1479 704 1547 arbitrio
720 1477 1001 1562 decemvirorum,
1017 1484 1101 1548 siout
1114 1486 1329 1571 prescriptum
1344 1498 1404 1552 est.

262 1581 383 1647 Comes
396 1604 485 1662 reru,
499 1583 737 1669 parvipendens
748 1584 828 1650 illud
843 1584 1023 1664 arbitrium,
1039 1586 1139 1673 jussit
1152 1597 1191 1651 ut
1204 1587 1238 1652 in
1254 1589 1405 1669 crastino,

261 1683 377 1749 scilicit
410 1685 463 1750 die
486 1685 633 1764 Veneris,
659 1697 905 1772 congregaretur
930 1687 1161 1752 folkesmotum
1189 1689 1225 1754 in
1248 1691 1405 1759 cimiterio

260 1785 302 1850 ad
317 1805 446 1852 crucem
459 1786 573 1852 Sancti
588 1787 702 1866 Pauli3
724 1797 758 1853 et
768 1787 861 1874 cujus
877 1788 1026 1854 electioni
1042 1790 1144 1856 maior
1156 1812 1232 1877 pars
1257 1793 1407 1861 Civitatis

260 1887 433 1955 assentiret
446 1890 509 1955 hoc
523 1910 610 1956 anno
625 1890 734 1955 Maior
746 1901 936 1958 remaneret.

306 1992 347 2055 In
372 1992 513 2056 crastino
542 2001 652 2058 autern
680 1991 874 2058 universitas
901 1993 1052 2060 Civitatis
1075 1996 1166 2060 venit
1193 1996 1228 2060 in
1250 1997 1408 2064 cimiterio

261 2091 370 2158 Sancti
382 2094 484 2174 Pauli,
503 2105 538 2160 et
550 2095 833 2181 Archiepiacopus,
846 2095 976 2175 Comes,
993 2097 1154 2166 Robertus
1170 2097 1302 2177 Burnel,
1317 2100 1408 2163 Wal-

260 2203 350 2263 terus
373 2197 415 2263 de
438 2198 602 2278 Mertonu,
626 2207 661 2263 et
685 2197 780 2263 multi
801 2198 854 2262 alii
874 2209 1040 2285 magnates
1058 2210 1218 2266 venerunt
1242 2202 1283 2266 ad
1307 2203 1408 2267 cccle-

261 2297 342 2363 siam
357 2299 468 2366 Sancti
483 2301 596 2383 Pauli3
619 2300 676 2386 qui
690 2299 848 2366 intrantes
859 2299 980 2368 ibidem
995 2302 1173 2388 capitulum
1185 2324 1260 2367 cum
1275 2302 1408 2388 quibus·

262 2401 337 2465 dam
356 2402 597 2484 Aldermannis,
619 2402 781 2470 dederunt
794 2402 841 2468 eis
857 2404 1040 2484 consilium,
1055 2416 1094 2471 ut
1112 2407 1307 2472 assentirent
1326 2407 1409 2472 elec-

260 2504 343 2569 tioni
367 2505 454 2570 iilius
476 2505 623 2585 Walteri,
648 2515 687 2570 ut
712 2515 799 2572 esset
828 2505 937 2573 Maior
973 2509 1177 2574 solummodo
1213 2529 1272 2593 per
1304 2529 1408 2572 unum

260 2627 393 2687 annum,
401 2628 445 2673 ne
459 2608 553 2694 pejus
568 2608 712 2674 eveniret
725 2609 760 2674 in
777 2607 927 2676 Civitate.
973 2611 1043 2695 Ipsi
1057 2633 1134 2676 vero
1145 2611 1294 2676 videntes
1309 2610 1407 2676 talem

259 2727 332 2774 esse
346 2709 548 2774 voluntatem
571 2709 701 2774 illorum
726 2719 923 2794 magnatum,
948 2721 982 2776 et
1006 2713 1095 2798 quod
1120 2712 1212 2776 aliter
1226 2722 1305 2776 tuno
1326 2721 1409 2777 tem-

259 2811 349 2898 poris
363 2831 432 2875 non
445 2811 554 2897 potuit
574 2812 654 2892 fieri,
678 2813 720 2876 ad
741 2814 805 2877 hoc
819 2812 1030 2897 praebuerunt
1050 2833 1230 2891 assensum,
1245 2822 1279 2877 et
1292 2823 1408 2877 vocato

260 2912 407 3000 predicto
421 2913 567 2979 waltero
582 2934 691 2982 coram
707 2913 765 2994 eis,
788 2914 979 2979 dictumest
1002 2915 1089 3000 quod
1108 2915 1231 2978 iactum
1246 2913 1318 2978 fuit.
1362 2915 1408 2978 Et

259 3024 340 3080 tunc
357 3035 415 3101 per
443 3013 680 3080 ordinationem
696 3014 914 3100 predictorum
931 3013 1185 3101 Archiepiscopi,
1200 3011 1351 3090 Comitis,
1374 3025 1409 3080 et

260 3117 395 3184 aliorum
410 3124 609 3203 magnatum,
621 3116 745 3202 juravit
766 3115 872 3180 dictus
886 3117 1064 3194 walterus,
1078 3114 1167 3201 quod
1181 3136 1248 3179 non
1262 3125 1409 3200 gravaret

260 3220 313 3286 vel
326 3239 457 3304 gravare
481 3216 694 3304 permitteret,
714 3227 786 3284 toto
811 3225 959 3304 ternpore
974 3215 1156 3282 Maioratus
1180 3216 1241 3297 sui,
1267 3214 1407 3301 aliquem

260 3323 302 3388 de
320 3321 395 3400 illis,
409 3320 466 3408 qui
479 3328 593 3386 contra
606 3320 796 3387 electionem
821 3341 913 3384 suam
938 3319 1131 3397 extiterant3
1155 3328 1189 3384 et
1207 3319 1254 3383 ita
1267 3319 1408 3383 declara-

133 3471 137 3477 ·
259 3433 332 3489 tum
357 3431 409 3488 est
427 3443 486 3508 per
510 3420 693 3487 Walterum
713 3422 754 3488 de
778 3423 933 3489 Mertona
955 3422 996 3487 ad
1022 3442 1151 3487 crucem
1175 3421 1288 3487 Sancti
1315 3421 1408 3486 Pauli

260 3547 369 3592 coram
392 3522 486 3590 omni
510 3523 644 3609 populo,
667 3525 756 3609 quod
770 3523 982 3590 Aldermonni
1007 3533 1217 3612 assenserunt
1240 3524 1329 3610 quod
1353 3525 1408 3589 illc

258 3629 424 3696 Waltcrua
439 3627 483 3692 sit
497 3626 606 3692 Maior
619 3627 675 3692 illo
690 3651 787 3694 anno.

303 3733 429 3800 Quarto
444 3730 497 3796 die
520 3739 597 3816 post
619 3740 758 3796 mortem
777 3731 887 3817 Regis,
906 3730 1039 3810 scilicet,
1053 3730 1088 3794 in
1110 3729 1195 3794 sesto
1214 3728 1325 3794 Sancti
1340 3729 1408 3793 Ed-

259 3833 375 3899 mnndi
390 3831 500 3918 Regis,
514 3841 596 3897 tunc
617 3831 775 3918 temporis
801 3832 854 3897 die
868 3831 1053 3912 Dominioa,
1067 3851 1186 3920 corpus
1202 3853 1299 3897 suum
1314 3828 1408 3894 nobi-

258 3935 332 3999 liter
356 3942 567 4013 attornatum,
596 3933 681 4000 sicut
709 3935 803 4000 decet
827 3935 945 4020 Reges,
970 3933 1083 3998 datum
1109 3943 1160 3998 ert
1183 3932 1349 4017 sepulture
1374 3931 1408 3994 in

258 4034 394 4102 ecclesia
406 4035 613 4100 conventuali
640 4036 880 4103 Monacborum
895 4036 982 4121 apud
990 4034 1321 4102 westmonasterium
1332 4041 1408 4094 ante

259 4158 413 4224 magnum
441 4136 550 4202 altare.
604 4136 684 4221 Ipso
713 4159 790 4204 vero
815 4139 955 4223 sepulto,
984 4135 1257 4220 Arebiepiscopus
1284 4132 1409 4197 Ebora-

303 4261 417 4307 cnrrn.
442 4257 514 4303 soc.
1012 4259 1034 4300 x
