3920 5022
533 627 791 674 vicacourrurr
816 625 1098 672 conponentium.
1349 605 1390 679 tt

241 807 260 848 a
280 781 331 847 die
346 779 504 866 captionis
521 801 578 844 sue
594 801 697 865 usque
720 779 762 844 ad
773 778 956 865 predictum
968 788 1120 864 tempus,
1144 785 1177 842 et
1192 797 1305 840 omnes
1319 775 1393 841 lite·

241 907 303 964 ras,
318 893 432 961 cartas,
447 891 481 946 et
496 881 625 965 scripta,
640 903 702 965 que
717 881 789 966 ipse
809 892 843 945 et
867 879 953 944 filius
973 902 1052 944 suus
1073 899 1132 964 per
1145 888 1253 944 totum
1267 879 1393 964 predic-

240 998 312 1053 tum
327 999 456 1072 tempus
470 986 613 1050 fecerant
627 1006 685 1069 per
699 984 901 1049 coactionem
915 983 950 1047 in
965 983 1095 1048 irritum
1110 992 1259 1050 revocate
1275 992 1362 1048 sunt.

329 1088 505 1173 Gregorius
521 1087 560 1150 de
579 1085 732 1151 Rokesle.

329 1193 443 1258 Simon
458 1191 499 1255 de
517 1189 698 1255 Hadestolr.
742 1191 840 1253 Anno
855 1188 977 1254 M..CC
992 1188 1046 1254 11⁰.
1061 1188 1187 1275 quinto.

285 1296 326 1360 Iu
339 1293 492 1359 Crastino
500 1313 577 1358 vero
591 1291 701 1356 Sancti
713 1290 895 1370 Michaelis,
905 1290 991 1356 sicut
1001 1292 1201 1357 consuetudo
1213 1301 1274 1372 est,
1286 1290 1424 1402 Major]
1406 1277 1466 1338 Ψ
1476 1278 1546 1324 ”’”’

242 1409 276 1464 et
290 1399 387 1463 Cives
410 1403 622 1481 perrexerunt
643 1395 730 1480 apud
745 1393 1074 1459 westmonasterium
1097 1396 1137 1460 ad
1160 1357 1463 1481 presentandosiissn
1461 1357 1615 1478 &mm

242 1504 315 1566 illos
323 1498 505 1565 Batonibus
518 1498 559 1562 de
569 1497 746 1612 scaccario,
755 1507 800 1575 et,
809 1497 939 1562 nemine
949 1498 1089 1563 ibidem
1081 1509 1226 1579 invento,
1231 1501 1396 1565 redierunt
1407 1456 1525 1598 ᾆΨᾷᾆ
1498 1487 1586 1533 ””’”’

242 1605 283 1668 ad
298 1601 437 1687 propria.
482 1599 550 1662 Et'
542 1609 588 1662 ita
602 1598 666 1683 ipsi
680 1599 714 1662 in
729 1598 947 1663 Vicecomites
962 1621 1030 1664 non
1045 1611 1123 1664 sunt
1137 1600 1281 1667 admissi.
1408 1567 1587 1676 cepenam

287 1703 549 1779 Memorandum,
573 1703 671 1785 quod,
697 1700 790 1766 finito
814 1702 960 1786 predicto
990 1703 1205 1780 Parlamento,
1232 1703 1395 1768 Dominus
1408 1681 1473 1802 ε’ζᾷ
1472 1692 1597 1792 m

244 1811 315 1875 Rex
338 1805 415 1870 fecit
439 1803 611 1868 convenire
628 1805 715 1888 apud
735 1804 991 1890 Wyndleshores
1017 1826 1131 1871 omnes
1152 1805 1310 1885 Comites,
1332 1807 1396 1871 Ba-
1409 1810 1512 1870 aude
1491 1810 1548 1856 cives
1563 1810 1607 1856 ad·

243 1932 350 1988 rones,
367 1908 502 1985 Milites,
518 1915 678 1990 quotquot
691 1915 830 1991 poterat,
844 1928 919 1970 cum
934 1908 1025 1992 equis
1037 1916 1071 1972 et
1085 1907 1194 1987 armis,
1213 1909 1327 1972 volens
1342 1931 1396 1974 ex·
1409 1875 1600 2000 immisi?
1592 1881 1620 1920 η

244 2031 387 2098 pugnare
403 2007 577 2072 Civitatem
592 2007 980 2087 Londonianrm,vocans
996 2008 1116 2075 Cives'
1108 2009 1257 2074 mimicos
1274 2033 1361 2076 suos.
1406 2013 1483 2079 ΡΨ]
1462 2004 1579 2050 ’ΨΨ

288 2115 381 2178 Τιιιιο
403 2109 572 2196 perterrita
591 2109 655 2172 fuit
674 2118 744 2174 tota
765 2109 900 2174 Civitas.
945 2111 1044 2176 Stulti
1046 2133 1153 2192 ,ver0,
1177 2123 1211 2178 et
1232 2071 1486 2196 maliciosi‚⁷riii2i
1488 2069 1620 2195 miii

246 2217 302 2304 qui
316 2223 411 2280 antea
424 2213 621 2278 adheserunt
637 2211 760 2277 Comiti
769 2212 943 2278 Leicestrie
953 2223 1066 2279 contra
1077 2216 1210 2332 Regem,
1222 2239 1399 2303 proposue·
1410 2215 1449 2248 Ψ
1459 2215 1492 2246 α’
1493 2216 1541 2247 ⁷¹⁰⁸

245 2329 324 2385 runt
337 2317 463 2382 munire
479 2314 653 2380 Civitatem
668 2323 780 2379 contra
802 2315 935 2400 ipsum;
959 2327 1011 2381 set
1032 2317 1092 2382 vin
1082 2317 1238 2384 discreti
1253 2320 1294 2385 de
1310 2320 1399 2386 Civi-

246 2434 323 2504 tata‚
350 2421 405 2507 qui
428 2440 556 2504 semper
576 2418 710 2483 fuerunt
731 2419 773 2483 ad
787 2419 886 2484 fidem
904 2421 1039 2486 Domini
1066 2423 1176 2508 Regis,
1198 2423 1275 2489 licet
1294 2425 1399 2510 aliqua

244 2549 319 2612 pars
335 2545 447 2590 eorum
463 2523 670 2607 prebuissent
693 2544 862 2588 assensum
887 2523 974 2589 dicto
992 2523 1125 2602 Comiti,
1148 2526 1206 2590 sed
1227 2547 1286 2612 per
1308 2549 1400 2593 coac·

244 2629 379 2706 tionem,
400 2625 574 2690 noluerunt
589 2625 707 2690 adhoc
729 2626 904 2706 assentire3
928 2635 961 2691 et
982 2626 1088 2690 missis
1110 2627 1258 2711 pluribus
1283 2629 1399 2694 litteris

244 2752 303 2817 per
317 2731 404 2794 viros
415 2725 582 2810 religiosos
591 2726 738 2792 Domino
752 2726 835 2810 Regi
850 2727 890 2790 ad
898 2727 1140 2812 impetrandum
1152 2731 1286 2814 gretiam
1296 2753 1400 2810 suam,

245 2831 344 2897 nichil
358 2829 405 2895 eis
419 2827 553 2912 profuit.
596 2825 756 2903 Tandem,
770 2825 883 2890 habito
898 2825 1034 2890 consilio
1049 2827 1135 2892 inter
1153 2828 1253 2913 ipsos,
1270 2831 1399 2896 univer·

245 2934 320 2998 salis
344 2931 529 2994 Commune
549 2947 719 2990 assensum
740 2925 872 3010 prebuit
891 2927 931 2990 ad
954 2927 1144 3010 ponendum
1167 2951 1202 2994 se
1224 2933 1257 2995 in
1277 2933 1401 2997 miseri·

246 3033 354 3099 cordia
376 3027 511 3094 Domini
534 3027 643 3112 Regis,
664 3035 698 3091 et
723 3047 821 3112 super
839 3027 903 3092 boc
926 3029 1075 3093 fecerunt
1092 3030 1216 3098 litteras
1240 3042 1400 3118 patentes,

247 3133 351 3220 sigillo
368 3128 621 3194 communitatis
636 3127 801 3213 sigillatas,
816 3128 858 3192 ad
873 3151 954 3213 quas
977 3130 1168 3197 deferendas
1191 3143 1224 3199 et
1249 3145 1399 3202 ostensu·

245 3257 296 3302 ras
318 3231 462 3298 Domino
484 3231 566 3314 Regi
590 3230 682 3294 electi
709 3230 843 3294 fuerunt
865 3242 939 3296 octo
954 3232 1025 3313 viri,
1047 3234 1102 3318 qui
1123 3235 1194 3300 illas
1213 3249 1399 3322 presentare

246 3338 401 3404 deberent
416 3334 445 3398 ei
460 3333 547 3418 apud
561 3333 818 3398 Windleshores.
864 3332 994 3400 Quibus
1009 3335 1236 3404 itinerantibus
1256 3340 1400 3408 obviavit

247 3439 410 3506 Dominus
426 3437 572 3520 Reges-us
596 3436 636 3498 de
653 3434 827 3514 Leiburne,
848 3435 970 3515 dicens,
992 3438 1080 3521 quod
1101 3439 1171 3524 ipse
1190 3463 1250 3526 pro
1269 3465 1399 3528 promo-

247 3546 337 3610 tione
363 3539 514 3606 Civitatis
538 3549 572 3604 et
597 3538 824 3603 emendatione
847 3539 938 3604 venit
962 3541 1004 3604 ad
1025 3540 1262 3627 disponendam
1286 3569 1399 3632 pacem

246 3648 331 3711 inter
357 3643 539 3708 Dominum
565 3642 688 3725 Regem
713 3649 748 3705 et
778 3639 885 3707 Cives.
931 3642 1059 3709 Quibus
1086 3646 1215 3728 auditis,
1244 3649 1315 3730 viri,
1344 3653 1400 3736 qui

248 3748 339 3815 missi
353 3748 496 3824 fuerunt,
510 3745 678 3808 redierunt
691 3744 732 3807 ad
747 3745 893 3831 propria3
913 3746 1019 3812 dietirs
1034 3758 1143 3816 eutem
1159 3751 1305 3837 Rogerus
1324 3754 1400 3819 hos-

247 3853 370 3936 pitatus
385 3848 485 3913 estin
499 3847 595 3910 turri
610 3847 865 3914 Londoniarum.

291 3953 391 4015 Mane
413 3961 521 4014 autem
541 3949 638 4026 facto,
663 3949 769 4014 dictus
789 3951 937 4036 Rogerus
952 3953 1089 4018 accessit
1107 3955 1149 4018 ad
1170 3955 1338 4020 ecclesiam
1361 3959 1402 4024 de

252 4053 413 4135 Berkinge
426 4051 584 4128 Chercbe,
599 4049 656 4114 ubi
676 4051 784 4115 Maior
799 4062 834 4117 et
846 4054 1089 4119 innumerabilis
1115 4055 1255 4140 populus
1272 4058 1401 4124 Civium

251 4160 483 4230 convenerunt,
510 4161 543 4215 et
564 4151 750 4216 convocatis
775 4153 901 4218 Maiore
924 4165 957 4218 et
983 4155 1224 4221 discretioribus
1242 4158 1403 4241 Civitatis,
