3886 5010
562 560 624 615 236
1036 569 1233 613 arranem.

561 725 726 780 firmationem,
743 737 785 770 seu
804 735 980 782 quamcumque
997 720 1173 781 obligationem,
1186 719 1221 766 vel
1237 734 1390 780 quocumque
1407 721 1455 767 alie
1472 721 1561 776 modo;
1577 720 1611 766 ite
1626 727 1706 766 temen

561 806 625 865 quod
638 806 719 850 domos
729 819 790 861 suas,
802 817 861 863 quas
872 803 965 862 ipsimet
976 801 1112 847 inhabitant
1130 801 1155 846 in
1166 801 1308 856 civitatibus,
1327 801 1418 861 burgis,
1435 816 1476 847 seu
1494 801 1546 847 sliis
1557 801 1626 856 villis,
1641 801 1709 846 iubs·

561 888 638 932 bitent
649 888 679 932 de
695 893 773 932 cetero
789 891 813 930 et
832 898 871 930 ees
889 884 993 929 habeant
1011 883 1073 928 sicut
1089 883 1175 928 habere
1191 889 1365 929 consueverunt
1380 883 1526 942 temporibus
1542 883 1671 938 recusetis,
1686 888 1711 927 et

561 969 632 1014 ctiam
650 969 707 1013 alias
723 967 805 1012 domos
820 979 882 1022 suas,
900 979 959 1024 quas
975 963 1087 1010 locandas
1104 963 1201 1020 habent,
1217 963 1282 1009 licite
1296 963 1373 1009 locare
1384 964 1474 1024 possint
1484 963 1570 1010 Judeis
1580 969 1674 1010 tantum
1686 969 1710 1008 et

561 1064 610 1095 non
622 1049 774 1095 Christianis:
793 1049 826 1094 ita
836 1054 916 1094 temen
928 1047 992 1106 quod
1004 1060 1052 1092 non
1064 1046 1134 1092 liceat
1144 1044 1236 1093 Judeos
1246 1051 1337 1092 uestros
1348 1046 1526 1092 londoniarum
1537 1045 1617 1106 plures
1628 1046 1710 1092 domos

561 1143 634 1189 quam
646 1143 711 1175 nunc
722 1129 819 1186 habent,
834 1141 920 1186 emere,
936 1129 985 1174 sive
1002 1141 1155 1187 quocumque
1171 1127 1218 1173 alio
1236 1127 1308 1174 modo
1324 1128 1460 1187 perquirere
1474 1128 1500 1172 in
1517 1127 1613 1174 civitute
1630 1133 1710 1174 nostra

562 1210 748 1264 Londouiarum,
766 1223 809 1269 per
825 1209 890 1268 quod
909 1209 1006 1255 ecclesie
1021 1208 1166 1268 parochiales
1180 1208 1287 1268 eJusdem
1298 1209 1399 1254 civitatis
1411 1209 1446 1253 rel
1459 1215 1561 1254 rectores
1571 1210 1709 1256 earumdem

559 1294 679 1353 jacturam
691 1292 810 1336 incursnt
845 1290 960 1337 Poterant
976 1297 1055 1336 tamen
1076 1289 1148 1335 iidem
1158 1289 1174 1335 J
1176 1289 1232 1335 ndei
1248 1289 1425 1335 londoniarum
1437 1290 1519 1336 domos
1529 1295 1553 1336 et
1564 1291 1657 1338 edificia
1667 1307 1710 1338 aus

560 1373 660 1431 antiqno
671 1373 736 1432 prius
747 1372 844 1431 dirupto
854 1376 878 1417 et
897 1372 1017 1418 doeuucts
1028 1385 1136 1430 reparare
1147 1375 1171 1415 et
1182 1370 1206 1414 in
1221 1375 1310 1416 statum
1326 1369 1453 1429 pristinum
1465 1370 1572 1430 redigere
1583 1371 1614 1416 ed
1626 1372 1709 1417 uoluu-

560 1461 633 1501 tatem
643 1469 718 1501 suam.
737 1454 887 1500 Providimus
895 1454 966 1498 etism
978 1458 1002 1498 et
1012 1452 1138 1498 statuimus
1148 1451 1179 1496 de
1189 1451 1272 1496 eodem
1284 1449 1382 1496 oonsilio
1393 1457 1473 1496 nosue
1482 1451 1547 1510 quod
1558 1451 1589 1498 de
1600 1451 1710 1498 domibus

560 1537 609 1582 suis
626 1537 739 1597 predictis
757 1535 919 1582 inhabitandis
930 1534 966 1579 vel
983 1533 1097 1589 locandis,
1109 1541 1136 1580 ut
1150 1533 1284 1592 predictum
1296 1539 1338 1589 est,
1349 1531 1430 1578 nullus
1441 1532 1538 1591 placitet
1549 1533 1585 1578 rel
1597 1533 1710 1592 placituro

349 1645 371 1690 ⁸.
403 1643 430 1668 ,η-
453 1651 475 1689 0·
561 1624 638 1678 postet
649 1633 692 1678 per
702 1618 782 1664 brevia
799 1623 879 1663 nostra
893 1615 1017 1676 originalia
1031 1612 1035 1678 Ι
1050 1615 1080 1660 de
1092 1614 1239 1670 cancellaria,
1257 1613 1467 1660 settentummodo
1478 1627 1557 1660 eoram
1568 1614 1712 1661 Juseictan'is

339 4133 376 4190 so.
390 4131 436 4178 156
449 4138 479 4178 5⁰.

561 1700 646 1744 nostrie
661 1700 692 1744 ad
705 1699 835 1744 custodiam
847 1697 863 1745 J
865 1697 980 1743 udeorum
991 1696 1131 1756 saaingnatis
1147 1696 1280 1755 perbrevis
1296 1694 1312 1742 J
1314 1696 1415 1741 udaismi
1428 1703 1540 1742 consueta
1555 1703 1579 1743 et
1595 1697 1711 1744 hactenus

561 1782 653 1827 unitata.
688 1781 725 1825 De
743 1780 811 1826 terrie
828 1785 909 1824 autem
924 1784 949 1824 et
964 1777 1063 1833 tenens,
1080 1777 1110 1822 de
1127 1777 1215 1835 quibus
1231 1775 1305 1824 Judei
1322 1783 1378 1822 ante
1392 1791 1488 1837 precene
1502 1783 1618 1824 statutum
1630 1778 1710 1825 leoiati

561 1863 665 1918 luerunt,
678 1861 785 1907 volumus
795 1861 859 1920 quod
870 1859 1008 1920 hujusmodi
1017 1858 1188 1903 inleodationes
1198 1863 1222 1903 et
1233 1857 1295 1902 dona
1306 1858 1401 1916 penitus
1408 1857 1570 1914 adnullentur,
1582 1863 1606 1904 et
1617 1865 1679 1905 terre
1687 1865 1711 1904 et

561 1949 696 1988 tenementa
705 1942 745 1987 illa
752 1940 900 1998 Christianis,
911 1939 952 1999 qui
964 1939 1009 1984 eibi
1020 1953 1047 1984 ea
1058 1937 1199 1992 dimiserint,
1213 1943 1360 1994 remaneant,
1371 1938 1404 1983 ita
1412 1943 1493 1984 tamen
1505 1939 1570 1997 quod
1582 1939 1710 1986 Christiani

560 2025 704 2068 satisfaciant
721 2024 777 2083 ipsis
792 2022 877 2068 Judeia
894 2021 925 2066 de
941 2020 1043 2079 pecunia
1059 2033 1100 2064 seu
1117 2017 1202 2064 catallo
1213 2023 1324 2063 contento
1335 2018 1360 2062 in
1380 2020 1451 2064 cartis
1461 2025 1485 2065 et
1500 2021 1652 2080 cyrographis
1663 2023 1711 2068 snis

559 2105 611 2149 aine
621 2117 699 2160 usura,
708 2104 772 2162 quod
782 2103 797 2148 J
800 2103 855 2148 udei
864 2115 907 2161 pro
915 2101 988 2161 hujrts
996 2102 1060 2147 dono
1070 2099 1106 2144 vel
1119 2098 1278 2144 inleodatione
1288 2097 1398 2144 dederint
1409 2099 1556 2146 Christianis.
1574 2100 1627 2146 Hoc
1638 2103 1710 2147 etiam

561 2184 655 2242 adjecta
666 2183 810 2238 conditione,
822 2189 849 2228 ut
859 2183 878 2228 si
890 2181 1018 2227 Christiani
1030 2181 1065 2226 illi
1077 2181 1253 2226 incontinenter
1263 2180 1319 2224 inde
1329 2180 1462 2225 satisfecere
1473 2195 1520 2226 non
1532 2182 1629 2240 ponint,
1641 2183 1711 2229 licent

561 2263 576 2306 J
579 2264 646 2307 udeis
657 2264 769 2322 predictis
779 2270 914 2310 tenemento
926 2263 967 2308 ille
977 2262 1030 2307 aliis
1040 2261 1168 2317 dimittere,
1182 2262 1258 2306 donee
1275 2261 1332 2306 inde
1349 2275 1393 2320 per
1407 2263 1571 2308 rationabilem
1588 2271 1709 2312 extentam

560 2343 692 2388 secundum
704 2358 784 2388 verum
797 2345 899 2389 valorem
912 2343 1049 2389 eorumdem
1060 2341 1145 2388 catalla
1159 2357 1203 2387 sua
1216 2343 1268 2388 sine
1279 2357 1351 2388 usura
1362 2342 1434 2388 levari
1445 2345 1543 2402 possint,
1554 2345 1618 2390 suive
1629 2351 1709 2392 umen

561 2423 701 2468 Christianis
716 2423 763 2468 illis
779 2424 934 2483 herbergagio
950 2439 1001 2480 suo,
1014 2424 1046 2468 ite
1061 2424 1126 2482 quod
1143 2422 1238 2470 Judous
1248 2425 1374 2483 pecuniam
1384 2439 1451 2469 suam
1463 2439 1504 2470 seu
1516 2426 1629 2472 entellum
1639 2441 1709 2472 suum

560 2520 603 2563 per
614 2519 698 2549 manue
709 2505 896 2550 Christianorum
909 2510 932 2549 et
944 2518 992 2549 non
1004 2502 1138 2550 Judeorum
1149 2505 1207 2549 inde
1218 2505 1324 2564 recipiet,
1335 2511 1363 2550 ut
1374 2507 1507 2564 predictum
1520 2515 1562 2552 est.
1580 2507 1641 2553 Etsi
1653 2522 1709 2553 con·

560 2587 637 2642 tinget
654 2584 760 2632 tuocum
777 2585 882 2644 eliquem
902 2586 1071 2632 leolameutum
1088 2586 1174 2630 amodo
1189 2586 1294 2645 recipere
1311 2601 1326 2632 a
1343 2587 1427 2646 quovis
1438 2587 1572 2633 Christieno
1587 2587 1618 2633 de
1628 2588 1710 2648 aliquo

561 2668 630 2713 feodo
648 2667 683 2712 rel
701 2673 836 2712 tenemento
854 2676 937 2714 contre
953 2681 1049 2726 presens
1065 2673 1189 2722 etstutum,
1204 2666 1300 2713 Judeus
1319 2669 1369 2728 ipse
1385 2674 1546 2714 tenementum
1558 2669 1649 2715 dictum
1668 2685 1709 2717 seu

561 2749 656 2794 feodum
669 2749 763 2808 penitus
779 2749 873 2795 amittat
883 2755 907 2795 et
924 2749 948 2793 in
968 2763 1066 2794 manum
1081 2755 1186 2794 noctram
1196 2749 1304 2809 capiatur
1315 2756 1339 2795 et
1349 2750 1413 2795 salvo
1424 2751 1579 2808 custodiatur,
1593 2756 1617 2796 et
1631 2750 1710 2796 Chris·

562 2831 618 2875 lieni
632 2831 665 2874 illi
674 2829 709 2875 vel
721 2845 802 2875 eorum
815 2829 912 2876 heredoe
923 2837 1010 2876 terram
1020 2830 1055 2876 vel
1067 2836 1229 2876 tenementum
1240 2830 1302 2876 illud
1313 2831 1344 2876 de
1354 2845 1427 2877 manu
1439 2837 1519 2876 nostra
1529 2831 1667 2889 mhsbcarn,
1678 2833 1711 2878 ita

562 2919 640 2957 tomen
652 2913 717 2970 quod
730 2919 803 2958 toturn
817 2912 943 2971 pecuniam
957 2926 1029 2970 quam
1045 2914 1075 2956 ab
1091 2912 1147 2971 ipsis
1165 2911 1251 2959 Judeis
1262 2926 1305 2971 pro
1315 2913 1452 2973 hujusmodi
1463 2913 1605 2960 leolamento
1617 2928 1710 2974 recepe·

562 2993 618 3048 rint,
637 2994 704 3036 nobie
722 2998 780 3037 tunc
796 2993 895 3048 solvant,
908 2993 943 3038 vel
961 2994 981 3038 si
999 3006 1081 3038 eorum
1100 2992 1223 3038 heultates
1239 2993 1270 3038 ed
1287 2993 1332 3038 hoe
1349 3008 1397 3038 non
1413 2995 1539 3052 sufficient,
1558 2999 1617 3040 tuno
1629 3009 1711 3040 verum

563 3073 663 3118 valorem
683 3079 873 3118 tenementorum
889 3073 925 3117 vel
943 3073 1065 3119 feodorum
1083 3073 1187 3132 ipsorum
1205 3074 1274 3118 nobis
1288 3081 1313 3120 et
1331 3073 1459 3119 heredibus
1476 3076 1561 3120 nostris
1585 3076 1710 3121 annuatim

562 3155 663 3200 reddent
674 3155 704 3200 ed
715 3155 876 3200 scheceorium
885 3160 992 3200 nostrum
1000 3168 1042 3213 per
1053 3168 1131 3198 rorem
1143 3159 1166 3199 et
1177 3153 1341 3199 rationabilem
1352 3161 1472 3201 extentam
1485 3155 1623 3212 eorundem,
1635 3157 1711 3203 donee

563 3237 592 3280 de
611 3236 746 3295 hujusmodi
767 3237 869 3296 pecunia
887 3251 929 3281 seu
952 3235 1037 3282 catello
1062 3236 1130 3280 nobis
1149 3235 1221 3281 fuerit
1240 3235 1310 3295 plene
1328 3235 1481 3283 satielectum.
1522 3237 1558 3283 De
1578 3239 1712 3284 nutricibus

563 3323 643 3361 autom
671 3317 832 3376 parvulorum,
859 3316 995 3376 pistoribus,
1021 3316 1223 3372 bracciattoribus,
1249 3321 1273 3361 et
1301 3317 1362 3362 cocis
1387 3316 1529 3372 Judeorum,
1552 3319 1610 3377 quia
1637 3320 1710 3365 Judei

562 3405 586 3442 ot
604 3399 731 3444 Christiani
753 3399 777 3442 in
797 3398 889 3444 cultum
906 3399 962 3444 fldei
982 3398 1086 3458 dispares
1109 3401 1173 3454 sunt,
1195 3397 1342 3456 providimus
1361 3404 1384 3443 et
1403 3401 1529 3446 statuimus
1546 3401 1611 3460 quod
1630 3401 1711 3446 nullus

563 3479 711 3523 (liristianus
723 3479 758 3523 vel
774 3479 909 3525 Christiane
926 3479 960 3524 eis
976 3479 1110 3524 ministrare
1126 3484 1247 3537 presumat
1264 3479 1290 3523 in
1305 3479 1441 3524 ministeriis
1457 3480 1576 3538 predictis.
1612 3480 1643 3525 Et
1654 3482 1712 3538 quis

563 3558 637 3602 Judci
654 3557 769 3616 quosdam
784 3559 893 3604 redditus
909 3559 940 3606 de
956 3561 1024 3606 terris
1040 3565 1064 3604 et
1081 3558 1223 3604 tenementis
1237 3558 1434 3615 Christianorum,
1445 3565 1566 3616 tamqusm
1577 3564 1711 3616 perpetuos,

564 3638 657 3683 dudum
669 3640 772 3696 recipere
784 3639 860 3684 solent
871 3654 914 3698 per
924 3654 1009 3686 manus
1020 3641 1216 3696 Christianorum,
1227 3640 1269 3698 qui
1280 3641 1351 3686 etiam
1363 3640 1432 3684 leode
1443 3641 1591 3695 dicclventur,
1604 3639 1712 3686 volumus

565 3727 588 3764 et
599 3718 724 3762 statuimus
736 3718 801 3776 quod
812 3723 927 3763 stntutum
939 3725 997 3764 tune
1009 3720 1066 3764 inde
1077 3733 1120 3777 per
1131 3735 1173 3766 nos
1184 3720 1273 3765 lactum
1285 3719 1403 3764 firmitatis
1414 3719 1486 3764 robur
1496 3718 1610 3777 optinent,
1624 3733 1667 3765 nee
1679 3722 1712 3767 eie

566 3814 608 3859 ρει·
619 3813 713 3857 presens
723 3803 838 3844 statutum
850 3799 906 3843 inde
916 3799 998 3858 aliquo
1009 3798 1142 3858 derogetur.
1177 3801 1208 3846 Et
1219 3800 1273 3844 ideo
1286 3801 1350 3844 vobio
1360 3799 1510 3858 precipimus,
1523 3799 1622 3845 firmiter
1631 3800 1711 3861 injun-

566 3886 648 3939 gentes
668 3880 731 3938 quod
754 3879 918 3939 provisionem,
935 3879 1116 3935 ordinationem,
1130 3885 1154 3924 et
1173 3885 1287 3926 statutum
1307 3879 1440 3938 predictum
1460 3880 1557 3938 publice
1575 3896 1618 3940 per
1637 3888 1711 3930 totam

568 3961 681 4006 bellicam
694 3969 793 4006 vestram
808 3960 947 4020 proclamari
959 3966 983 4005 et
1001 3959 1100 4004 tinnitor
1110 3959 1185 4005 teneri
1197 3959 1293 4007 lociant.
1327 3961 1357 4006 Iu
1368 3963 1438 4022 eujus
1449 3962 1483 4007 roi
1495 3963 1658 4009 testimonium
1669 3965 1712 4010 has

568 4043 656 4089 litteras
667 4057 730 4088 meos
741 4043 791 4088 neri
802 4043 902 4088 lecimus
916 4046 1029 4102 patentes.
1062 4039 1130 4086 Teste
1150 4041 1254 4102 meipso
1272 4044 1336 4102 apud
1349 4043 1584 4092 Weetmoueeterium
1602 4053 1662 4092 arare·⁰
1673 4047 1712 4092 die

567 4123 627 4171 ΙῘιιΙίἱ
639 4141 703 4172 enno
717 4125 721 4184 Ι
736 4125 803 4186 regni
815 4125 888 4171 nostri
900 4123 1097 4185 quinquagesimo
1108 4123 1200 4183 quinte.
