3920 5022
544 600 798 646 vicecomis-un
826 599 1111 644 connexionum.
1363 588 1402 646 65

253 749 435 816 devotionis
450 748 602 835 operibus
612 750 814 829 adherentes,
827 749 953 814 Simoni
964 749 1004 814 de
1014 749 1131 815 Monte
1142 750 1244 829 Forti,
1256 749 1406 816 Gilberto

253 853 294 916 de
304 852 410 932 Clare,
419 853 594 939 ceterisque
604 853 761 919 universis
774 862 807 917 et
819 851 953 936 singulis
965 851 1098 935 perfidie
1108 873 1165 915 sue
1181 852 1406 936 complicibus.

254 955 308 1018 Ex
331 955 447 1020 litteris
470 956 598 1034 vestris,
624 977 704 1041 quas
730 955 848 1020 illustri
872 953 952 1039 Regi
975 954 1102 1038 Anglie,
1127 955 1272 1019 Domino
1294 964 1407 1019 nostro

253 1055 434 1136 karissimo,
449 1057 684 1134 transmisistis,
705 1056 887 1141 accepimus
906 1077 966 1119 nos
989 1076 1061 1119 esse
1082 1054 1244 1119 diffidatos
1261 1054 1407 1135 avobis3

252 1159 398 1241 quamvis
424 1159 613 1244 hujusmodi
636 1157 778 1224 ¹verbalis
802 1156 959 1221 diffidatio
990 1156 1068 1220 satis
1088 1157 1186 1222 fuerit
1207 1156 1303 1221 nobis
1326 1166 1402 1219 ante

253 1259 380 1324 realiter
393 1269 501 1326 vestra
515 1260 626 1325 hostili
639 1261 675 1324 in
689 1281 797 1324 rerum
822 1267 1006 1322 nostrerum
1021 1258 1181 1323 incendiis
1196 1266 1230 1322 et
1243 1258 1405 1322 bonorum

253 1370 439 1427 nostrorum
454 1360 761 1448 depopulationibus
783 1360 1010 1446 prosecutione
1024 1359 1171 1445 probata.
1215 1358 1288 1422 Nos
1309 1357 1407 1442 igitur

254 1463 334 1527 scire
348 1464 500 1528 volumus
515 1485 575 1528 voe
590 1487 610 1527 a
623 1462 719 1527 nobis
733 1461 892 1528 universis
907 1471 941 1527 et
959 1461 1105 1546 singulis,
1116 1470 1279 1545 tamquam
1289 1460 1405 1524 hostes

253 1563 401 1647 puplicos
413 1562 453 1627 ab
462 1563 613 1628 hostibus
622 1563 803 1642 diffidatos3
820 1563 876 1648 qui
891 1563 1043 1646 deinceps
1056 1583 1267 1646 personarum
1281 1571 1407 1627 vestra·-

254 1679 327 1727 rum
352 1672 386 1728 et
413 1685 522 1728 rerum
551 1663 741 1749 dispendiis,
769 1663 963 1748 ubicumque
991 1663 1087 1728 nobis
1117 1665 1157 1728 ad
1186 1663 1250 1727 boc
1271 1661 1407 1727 facultas

254 1765 392 1844 affuerit,
406 1765 485 1829 totis
507 1765 630 1830 viribus
652 1765 772 1830 nostris
787 1775 821 1830 et
836 1764 999 1829 mentibus
1021 1765 1221 1828 insistemus.
1261 1764 1313 1827 De
1334 1764 1409 1847 hoc,

254 1876 374 1946 autem,
390 1866 479 1952 quod
491 1867 572 1931 falso
588 1867 683 1932 nobis
705 1866 885 1951 imponitis,
899 1867 987 1950 quod
1010 1887 1071 1930 nec
1092 1865 1186 1930 fidele
1208 1885 1268 1929 nec
1284 1864 1408 1929 bonurn

254 1967 425 2032 consilium
449 1968 513 2052 ipsi
528 1969 609 2053 Regi
628 1977 741 2033 nostro
771 1967 898 2046 damus,
922 1987 1124 2052 nequequam
1144 1989 1258 2032 verum
1292 1966 1407 2031 dicitis.

254 2070 300 2134 Et
326 2070 354 2134 si
378 2091 450 2149 vos,
479 2071 621 2135 Domine
648 2069 762 2135 Simon
791 2070 832 2134 de
862 2069 979 2133 Monte
1005 2069 1097 2134 Forti
1117 2068 1171 2136 vel
1194 2068 1341 2132 Gilberte
1368 2068 1408 2132 de

256 2171 359 2250 Clare,
387 2172 495 2237 velitis
523 2174 586 2237 hoc
611 2173 698 2238 idem
720 2172 757 2236 in
780 2171 878 2236 Curia
900 2171 978 2236 dicti
1004 2172 1103 2256 Regis
1125 2191 1279 2250 asserere,
1305 2169 1409 2255 parati

255 2296 368 2339 sumus
388 2275 482 2340 vobis
505 2296 655 2341 securum
675 2276 716 2339 ad
740 2273 938 2339 veniendum
953 2275 995 2338 ad
1009 2272 1129 2338 dictam
1146 2272 1278 2338 Curiam
1293 2293 1410 2357 procu·

252 2397 322 2442 rere
345 2378 553 2456 conductum,
576 2386 610 2442 et
629 2385 740 2442 nostre
762 2397 860 2462 super
882 2376 946 2441 hoc
966 2375 1152 2441 innocentie
1172 2375 1353 2453 veritatem,
1376 2383 1410 2438 et

252 2478 363 2557 vestri,
378 2478 462 2544 sicut
477 2479 591 2564 perfidi
606 2478 793 2565 proditoris,
816 2477 1020 2542 mendacium
1047 2477 1206 2543 declarare
1229 2498 1288 2562 per
1309 2476 1408 2540 alium

253 2579 424 2644 nobilitate
438 2589 473 2645 et
485 2601 602 2665 genere
617 2579 713 2644 nobis
728 2601 851 2664 parem.
896 2579 1023 2644 Omnes
1042 2601 1103 2643 nos
1122 2578 1268 2643 contenti
1293 2599 1408 2641 sumus

252 2681 471 2765 predictorum
497 2681 713 2746 Dominorum
739 2680 861 2764 sigillis,
884 2680 1047 2758 videlicet,
1070 2681 1292 2744 Romanorum
1308 2677 1406 2761 Regis

254 2791 288 2846 et
302 2783 437 2847 Domini
452 2783 614 2846 Edwardi.
659 2783 785 2845 Datum
800 2781 925 2859 Leuce,
940 2781 986 2864 xij
1001 2780 1053 2844 die
1068 2779 1161 2843 Maii.

297 2885 416 2949 Postea
427 2885 497 2947 Rex
505 2881 695 2945 Alemannie
706 2882 824 2944 ductus
838 2891 890 2945 est
908 2881 950 2944 ad
961 2887 1102 2944 castrum
1113 2879 1153 2943 de
1164 2878 1408 2942 Berkemstede.

253 2984 347 3048 'hnc
361 2981 517 3068 Episcopi
530 2990 564 3046 et
579 2981 725 3045 Berones
739 2990 916 3046 tenuerunt
926 2979 1175 3065 parlamentum,
1188 2978 1223 3041 in
1238 2998 1303 3061 quo
1318 2977 1406 3040 ordi-

254 3094 366 3151 natum
389 3085 463 3163 fuit,
479 3084 564 3149 sicut
578 3092 669 3169 patet
681 3083 716 3147 in
730 3081 847 3147 litteris
862 3081 998 3146 Domini
1013 3079 1122 3164 Regis,
1138 3100 1218 3164 quas
1232 3079 1304 3164 ipse
1319 3078 1407 3156 iecit,

255 3196 289 3252 et
300 3187 404 3272 sigillo
420 3208 480 3251 suo
492 3185 663 3271 sigillavit3
686 3207 748 3270 que
762 3184 868 3250 littere
884 3185 930 3250 sic
941 3183 1102 3269 incipiunt

295 3291 348 3355 Ad
374 3289 635 3356 reformationem
657 3287 762 3354 statiis
782 3288 872 3373 regni
892 3287 1051 3374 eligantur
1065 3295 1131 3351 tres
1146 3282 1350 3349 discretiores
1366 3284 1406 3348 de

253 3415 364 3478 regno,
379 3393 437 3457 dec.

295 3495 389 3560 'lunc
411 3491 579 3578 provisum
601 3489 664 3556 ruit
690 3491 731 3557 de
756 3489 951 3576 raptoribus,
967 3498 1034 3554 tam
1055 3486 1177 3554 clericis
1193 3507 1290 3571 quam
1305 3485 1406 3565 laicis,

253 3600 416 3684 quomodo
432 3596 476 3662 sit
490 3605 603 3661 contra
616 3616 673 3660 eos
687 3594 941 3682 procedendum.

296 3711 381 3774 Item
403 3707 444 3771 de
470 3705 604 3786 clericis,
624 3705 681 3791 qui
699 3725 788 3770 arma
808 3703 955 3768 tulerunt
971 3701 1006 3766 in
1024 3701 1187 3781 bello,vel
1200 3698 1235 3763 in
1251 3698 1407 3764 comitatu

254 3811 446 3896 predonum.

295 3912 381 3976 Item
404 3911 444 3976 de
467 3909 590 3975 clericis
611 3917 646 3974 et
664 3907 765 3989 laicis,
780 3907 836 3993 qui
849 3907 937 3972 bone
951 3904 1166 3971 ecclesiastica
1180 3909 1357 3987 rapuerunt
1370 3899 1406 3963 in

253 4036 319 4079 una
344 4013 476 4091 diocesi,
498 4022 532 4077 et
553 4011 710 4076 beneficia
737 4010 791 4075 vel
824 4009 986 4073 domicilia
1014 4007 1138 4071 habent
1165 4005 1201 4068 in
1230 4004 1301 4083 alia,
1331 4023 1406 4067 cum

254 4139 320 4182 non
335 4123 489 4199 poterunt
499 4112 660 4197 preveniri
675 4113 838 4191 citatione,
853 4109 910 4176 ubi
920 4117 1147 4197 perpetrarunt
1161 4106 1287 4171 delicta.

298 4239 412 4284 carro.
437 4236 511 4282 soc.
1076 4233 1100 4274 s
