3886 5010
561 559 624 618 2³8
1037 575 1234 621 nrrnnnrx.

560 727 671 786 phorum,
688 725 810 786 exemplar
825 739 923 773 auorum
940 726 1095 787 agendorum.
1149 727 1219 774 'l'erte
1243 728 1333 790 ureipac
1346 729 1411 790 apud
1431 729 1606 778 Clareudom
1625 739 1653 780 x⁰
1670 733 1711 782 dia

561 809 707 866 meanti-'a
717 823 782 856 anno
793 808 861 870 regni
872 809 947 856 nentri
958 809 1048 871 uliij0.

1020 931 1166 978 Cnrrrcnuu
1178 943 1247 979 xcvi.

1001 1035 1038 1084 De
1049 1037 1154 1097 quodam
1165 1042 1277 1086 monaco.

591 1143 650 1190 Erat
660 1141 717 1190 ollrn
728 1141 754 1190 lu
764 1141 868 1190 confinio
877 1141 1317 1202 Brihunieatllorrnauniaqnoddurn
1327 1145 1559 1193 nommluban·
1569 1146 1619 1193 duo
1629 1148 1708 1208 capita

558 1225 682 1282 lminlna,
697 1231 721 1272 et
737 1223 836 1272 brachia
851 1232 876 1270 et
892 1224 973 1270 ornn'n
989 1223 1037 1270 ul'u
1052 1224 1160 1270 membra
1176 1224 1364 1284 geminamque
1379 1226 1411 1272 nd
1427 1227 1587 1285 umbilicum
1609 1229 1708 1276 inleriua

557 1313 638 1354 auteur
649 1306 806 1366 wlummodc,
815 1313 897 1352 autern
907 1305 957 1352 dno
967 1319 1046 1363 crura,
1056 1305 1117 1352 duca
1127 1305 1200 1366 pedet
1209 1311 1234 1352 et
1242 1311 1328 1364 caeru
1338 1307 1401 1354 uicut
1412 1309 1484 1355 unina
1494 1309 1608 1357 mulicrir.
1643 1310 1707 1366 Qua·

558 1389 618 1435 libat
635 1388 735 1445 ridebat,
748 1387 895 1444 comedebat,
915 1387 1065 1447 lopuabatun
1084 1387 1165 1444 debat,
1184 1388 1309 1445 unriabat,
1326 1390 1426 1436 nebat.
1459 1389 1508 1436 Ore
1526 1390 1622 1450 mino
1639 1405 1707 1438 ruan-

558 1470 706 1516 duraverunt
716 1473 741 1515 at
751 1469 879 1526 blbarnnt;
893 1467 935 1514 red
950 1481 1001 1513 uno
1015 1473 1095 1514 meatu
1107 1467 1266 1528 digerebatur.
1300 1467 1423 1516 Poatrernd
1437 1475 1519 1516 autern
1534 1483 1584 1516 una
1594 1469 1708 1518 datum

557 1557 593 1598 eat
603 1557 627 1598 et
637 1549 768 1610 anperleit
778 1549 860 1608 altera,
874 1553 899 1596 et
908 1549 1011 1608 portarit
1021 1548 1070 1594 lere
1080 1549 1184 1595 tn'ennio
1195 1550 1248 1595 riva
1260 1555 1387 1608 mortuum,
1398 1550 1475 1597 donec
1486 1550 1549 1597 mole
1559 1552 1671 1611 ponderis
1681 1558 1706 1600 at

556 1632 631 1679 letone
648 1631 769 1677 cadaveri·
788 1630 838 1690 lpaa
857 1643 953 1690 quoqne
971 1629 1065 1676 dciedt.
1094 1627 1151 1688 (See
1163 1629 1331 1691 liumabnq,
1342 1630 1384 1678 lib.
1395 1631 1420 1680 ii.
1431 1632 1564 1692 pangreplr
1576 1631 1633 1691 20⁷,
1644 1633 1705 1680 il'cnn

557 1711 636 1758 whom
646 1711 694 1758 tlnia
704 1711 791 1770 legend
803 1709 823 1756 ia
833 1709 939 1771 copied.)

586 1871 591 1938 Ι
606 1874 664 1921 Fuit
675 1875 711 1920 vir
720 1873 819 1935 quidam
829 1887 929 1920 mena
939 1873 965 1919 in
976 1873 1071 1920 civitate
1082 1872 1225 1930 Gelonianal,
1242 1872 1364 1920 Amldna
1375 1873 1471 1920 nornine
1482 1874 1664 1935 cognominata
1674 1876 1706 1924 da

556 1957 701 2016 Gravingge,
710 1955 752 2015 qni
763 1955 848 2002 habult
858 1969 958 2002 uxorem
968 1961 1044 2002 ortam
1055 1955 1081 2000 in
1092 1956 1176 2001 eadam
1186 1955 1289 2010 civitate,
1296 1953 1393 2000 nomine
1404 1953 1465 2000 Ode.
1474 1953 1530 2000 Vita
1538 1968 1629 2014 eornm,
1639 1969 1706 2004 more

556 2039 689 2084 Chrialiane
700 2037 828 2098 religionis,
845 2043 896 2084 enat
914 2037 1015 2097 aimplex
1032 2043 1057 2083 et
1074 2045 1138 2083 recta
1156 2049 1236 2082 coram
1256 2035 1308 2081 Deo
1325 2041 1349 2081 et
1365 2034 1431 2095 npud
1447 2035 1561 2083 hominu.
1594 2036 1643 2093 Qui
1662 2052 1705 2098 per

555 2121 635 2182 plurea
645 2135 720 2166 annca
730 2120 769 2180 pie
779 2125 804 2166 et
811 2121 876 2181 juata
887 2120 912 2166 in
923 2120 1035 2181 conjugio
1046 2123 1168 2164 manente
1184 2118 1236 2164 aine
1245 2116 1332 2164 acbol'u
1341 2117 1505 2176 pmcreatione
1516 2125 1704 2177 permanerunt

554 2203 611 2261 Qui,
622 2217 685 2260 vero,
696 2203 784 2248 anditia
794 2203 930 2250 rumoribna
940 2207 999 2262 quot
1010 2207 1034 2248 et
1047 2207 1137 2261 quunta
1147 2200 1263 2247 miracula
1274 2199 1340 2246 Deua
1350 2199 1432 2246 iecerit
1443 2199 1468 2244 in
1480 2200 1570 2261 Augila
1581 2215 1624 2260 pro
1635 2203 1704 2249 beato

553 2285 645 2331 Thomu
654 2284 838 2344 Archiepiacopo
846 2285 982 2340 Ountuarie,
988 2284 1031 2343 qui
1042 2289 1101 2330 tunc
1112 2282 1224 2342 temporie
1232 2281 1324 2328 noviter
1331 2282 1361 2326 ab
1370 2281 1449 2340 impiia
1457 2281 1530 2328 merit
1538 2283 1704 2340 mutin'utna,

554 2371 609 2411 vota
623 2366 731 2410 iecerunt
748 2365 911 2423 proilciacendi
932 2365 957 2410 iu
975 2364 1088 2423 Anglianr
1106 2364 1137 2409 ad
1156 2363 1303 2424 aepulturann
1318 2361 1419 2422 predicti
1436 2363 1540 2409 martiria
1554 2363 1704 2412 visitandam.

555 2446 604 2505 lpal
622 2459 676 2490 vero
692 2444 801 2505 proiecti,
818 2459 882 2490 mare
897 2443 1003 2500 bannito,
1020 2450 1137 2490 venerunt
1155 2441 1318 2500 cantuariam,
1334 2443 1377 2488 ubi
1393 2457 1479 2503 ccrpna
1489 2443 1590 2504 predicti
1601 2446 1705 2493 martiria

554 2525 688 2585 requieacit,
699 2531 731 2581 et,
742 2524 840 2570 adorato
849 2529 939 2580 uncto,
950 2529 1065 2570 voverunt
1076 2524 1095 2568 ri
1107 2523 1225 2570 Dominua
1236 2523 1269 2569 eia
1278 2522 1384 2570 robolem
1395 2523 1494 2570 donaret
1505 2538 1558 2570 eam
1568 2539 1594 2572 ae
1605 2525 1702 2573 Domini

552 2607 647 2654 een-vitiu
659 2605 841 2665 mancipaturca,
852 2611 876 2651 et
886 2605 906 2652 ni
916 2618 1001 2651 aeuum
1012 2604 1111 2662 virilem,
1122 2605 1218 2651 nomine
1229 2604 1334 2651 Hadria
1344 2604 1459 2652 thom
1471 2611 1602 2664 vocatnrca,
1612 2613 1636 2654 et
1646 2622 1702 2654 euin

553 2689 673 2734 iacturum
684 2685 837 2744 Monachum,
853 2691 882 2734 ut
897 2686 922 2732 in
938 2685 1021 2732 eadem
1037 2686 1137 2732 eccleaia
1153 2685 1179 2732 in
1195 2685 1316 2746 religionia
1328 2686 1412 2732 babitu
1424 2687 1476 2733 Deo
1490 2692 1514 2735 et
1528 2688 1597 2734 beato
1608 2687 1702 2734 Martini

551 2771 649 2816 serviret
660 2769 771 2816 omnibua
779 2769 863 2816 diebua
874 2769 921 2816 rite
931 2783 981 2816 ane.
1015 2767 1069 2814 Hiia
1083 2768 1152 2816 iaetia
1162 2769 1292 2816 noluerunt
1302 2769 1430 2830 repatriare
1445 2775 1574 2829 anteqmm
1585 2770 1703 2818 veniaaeut

553 2852 684 2899 londonii·
696 2869 703 2909 ς
719 2851 750 2898 da
760 2865 809 2912 qun
819 2851 920 2900 civitate
930 2857 980 2898 tarn
996 2851 1071 2898 nobili
1086 2858 1110 2899 et
1125 2853 1214 2900 lamera
1224 2852 1312 2899 tarnum
1322 2852 1448 2899 audierant
1459 2853 1484 2898 in
1495 2857 1559 2899 terra
1568 2867 1619 2900 aua.
1652 2853 1700 2910 Qui

551 2936 672 2981 vanientea
689 2934 715 2979 in
734 2933 864 2980 londoniia
880 2933 970 2980 ibidem
986 2939 1042 2980 aunt
1058 2932 1177 2994 hospitati.
1210 2933 1272 2995 lpaia
1282 2941 1362 2981 autem
1373 2949 1416 2995 per
1426 2934 1524 2994 aliquod
1537 2940 1631 2995 lempna
1642 2935 1700 2983 illuc

551 3015 717 3070 existentibua,
728 3013 838 3073 concepit
854 3013 949 3071 muller,
967 3019 991 3060 et
1009 3019 1068 3060 tnnc
1085 3014 1162 3061 aciena
1172 3014 1208 3060 vir
1217 3015 1346 3074 conjugem
1362 3028 1430 3061 anam
1446 3014 1590 3074 coucepirae,
1605 3021 1701 3075 propter

550 3093 684 3153 periculum
695 3092 761 3151 qnod
771 3093 793 3138 ei
804 3091 942 3153 contingere
952 3097 1037 3151 ponet,
1054 3092 1131 3139 noluit
1147 3093 1275 3152 repauiare
1289 3092 1366 3139 denen
1381 3099 1482 3153 purerel.
1516 3092 1634 3141 Veniente
1646 3109 1700 3142 vcro

551 3185 656 3236 tempore
667 3173 783 3234 pariendi,
793 3173 885 3233 peperit
895 3173 971 3220 fllium
982 3179 1006 3220 et
1015 3179 1123 3219 vocatum
1134 3178 1170 3220 eat
1180 3187 1266 3220 nomen
1278 3174 1330 3234 eJ'na
1340 3173 1450 3232 Thumna,
1460 3174 1522 3220 aient
1529 3181 1639 3235 parentet
1647 3177 1700 3236 ejm

550 3261 673 3302 voverunt
706 3254 740 3300 Et
755 3261 813 3301 tunc
830 3259 926 3314 propter
942 3254 1122 3301 inbecillitatem
1137 3254 1236 3302 inluntia
1251 3255 1303 3301 aine
1318 3255 1485 3315 repatriatione
1497 3263 1663 3304 remanant-unt
1673 3258 1699 3305 in

550 3335 688 3394 londonia,
700 3337 775 3382 donec
786 3335 873 3382 iterum
883 3335 1028 3395 concupiscet
1038 3341 1063 3382 ct
1073 3341 1167 3396 pureret
1177 3334 1259 3393 liliam,
1269 3349 1318 3395 quc
1329 3341 1411 3383 vocab
1421 3343 1456 3384 eat
1467 3336 1483 3384 J
1485 3337 1573 3386 uliana.
1598 3337 1698 3385 Interim

548 3423 629 3463 antem
640 3417 753 3464 defuncta
770 3423 805 3464 eat
815 3423 891 3463 mater
900 3417 1007 3477 predicto
1024 3417 1084 3474 Ode,
1096 3431 1169 3476 quam
1177 3422 1201 3464 ct
1212 3417 1248 3464 vir
1258 3431 1316 3464 euua
1330 3432 1374 3478 pre
1384 3419 1495 3466 omnibua
1512 3420 1572 3466 notia
1583 3425 1607 3466 et
1617 3420 1700 3466 amicir

548 3496 598 3542 ania
618 3501 643 3542 et
664 3497 802 3555 parentibus
820 3497 947 3543 tenerrime
964 3497 1103 3558 diligebant,
1123 3498 1189 3544 unda
1210 3511 1350 3558 autequam
1373 3504 1454 3558 poatee
1472 3499 1504 3544 ad
1523 3505 1610 3546 terram
1631 3513 1699 3546 tuam

549 3576 626 3622 redire
636 3582 795 3634 curaverunt;
810 3577 852 3624 red
870 3583 974 3624 emente
991 3579 1036 3624 albi
1055 3578 1203 3624 domlciliunn
1220 3578 1246 3624 in
1264 3578 1365 3625 Civitate
1377 3579 1555 3626 londoniarum
1571 3578 1627 3624 lacti
1641 3585 1699 3626 aunt

548 3657 617 3704 cive
628 3655 811 3702 londoniam.
844 3656 955 3713 Tbomaa‚
969 3658 1095 3718 dquidem,
1106 3657 1170 3705 tiliua
1180 3671 1263 3705 eornm
1274 3673 1324 3705 non
1335 3658 1468 3705 aecundum
1479 3663 1560 3704 votum
1571 3661 1698 3716 parentum

548 3739 625 3785 iactua
636 3743 670 3783 eat
680 3737 810 3783 monachua
820 3753 827 3792 ς
837 3736 879 3783 aed
890 3743 996 3798 tempore
1007 3753 1056 3798 quc
1067 3738 1186 3786 Ricardna
1195 3737 1249 3787 Rex
1260 3737 1349 3799 Anglie
1360 3744 1384 3785 et
1394 3738 1521 3798 Philippna
1532 3737 1585 3783 Rex
1596 3736 1698 3785 Francia

548 3833 604 3866 cnm
615 3817 783 3865 innumerabili
796 3817 885 3877 populo
895 3817 1059 3878 crucesignato
1069 3818 1169 3877 proiecti
1177 3825 1234 3866 aunt
1245 3820 1271 3864 in
1282 3819 1380 3864 Terrun
1391 3819 1512 3875 Smctum,
1523 3818 1620 3877 qnando
1631 3817 1697 3866 Salar

548 3901 620 3948 dinna
629 3915 682 3948 eam
693 3905 855 3961 occuparant,
867 3899 959 3945 Gemite
977 3913 1031 3946 veru
1048 3899 1162 3947 Flendrlc
1175 3897 1181 3964 Ι
1196 3901 1349 3959 Baudewpno
1365 3899 1462 3946 nomine
1472 3900 1636 3962 crucesignato
1652 3901 1698 3948 iter

546 3985 675 4045 arripiente
683 3997 763 4029 verena
773 3981 1012 4042 Ocnatantinopclim,
1022 3995 1095 4042 quum
1107 3981 1157 4041 ipae
1167 3981 1238 4028 annia
1248 3981 1378 4040 adquisivit
1388 3987 1413 4029 et
1424 3981 1458 4028 ibi
1474 3983 1550 4030 lnctua
1566 3989 1601 4030 cat
1618 3983 1697 4043 liupe-

547 4071 618 4122 rator,
629 4065 693 4112 idern
699 4063 801 4112 'lbonm
809 4065 988 4124 cumignano
997 4077 1054 4110 cunr
1065 4062 1172 4110 exercitu
1181 4062 1239 4110 dicti
1248 4063 1347 4110 Comitia
1354 4064 1474 4124 proiectna
1481 4070 1525 4112 eet.
1543 4063 1592 4122 Qui
1600 4065 1697 4111 raniena

546 4147 611 4206 apud
622 4147 850 4210 contantinopolim
861 4147 924 4195 viam
935 4147 969 4195 ibi
979 4147 1065 4196 ehuait
1076 4151 1216 4195 umnam.
1252 4145 1362 4195 Predicla
1372 4152 1453 4196 antem
1464 4146 1481 4198 J
1483 4147 1563 4194 ullann
1573 4161 1639 4194 rotor
1646 4147 1697 4208 ejus
