3856 5038
819 579 996 622 essenos.
1445 551 1507 620 cvii

310 746 346 786 en
359 729 521 803 inquisition
534 729 617 786 tehen
638 737 668 790 ot
689 730 768 789 Yorh
783 731 881 789 before
901 731 950 788 the
970 729 1071 806 King's
1085 728 1229 786 escheetor
1241 729 1351 807 beyond
1367 729 1455 787 'sient
1470 751 1505 788 oo

309 823 357 882 the
371 826 473 885 second
486 827 541 904 day
554 827 588 886 oi'
604 828 694 895 June,
708 828 759 885 9th
775 827 854 886 Edw.
869 828 918 898 11,
934 829 1021 896 1316,
1036 827 1150 888 Gilbert
1163 827 1197 884 de
1213 828 1291 885 Aton
1306 845 1362 884 wes
1375 827 1463 884 found
1477 837 1507 885 to

310 922 345 978 be
359 920 407 978 the
421 931 488 981 next
500 922 562 980 heir
581 923 614 982 of
631 923 756 981 Williem
771 923 805 981 de
819 923 923 1002 Vescy,
944 925 1045 993 senior,
1066 923 1200 982 deceased
1216 922 1335 982 without
1354 923 1507 999 legitimete

309 1016 384 1075 issue
405 1037 442 1076 on
465 1019 512 1078 the
540 1019 608 1078 l9th
632 1019 711 1098 July,
725 1019 796 1078 esth
813 1019 1045 1090 Edw.I-,1297,
1068 1022 1121 1078 hut
1142 1019 1253 1095 leaving
1273 1037 1291 1076 e
1310 1018 1425 1076 besterd
1445 1038 1506 1082 son,

310 1113 437 1172 Williem
458 1117 492 1176 de
507 1118 601 1194 Vesoy
615 1117 649 1173 of
664 1116 790 1185 Kildere‚
805 1116 868 1174 who
888 1115 944 1175 hed
964 1115 1030 1175 held
1050 1116 1107 1174 this
1125 1134 1225 1174 monor
1238 1135 1276 1192 up
1290 1125 1320 1174 ιο
1333 1115 1383 1173 the
1396 1116 1463 1174 time
1477 1115 1510 1174 of

309 1210 353 1267 his
374 1212 458 1288 being
478 1213 550 1270 slein
571 1214 602 1271 in
623 1213 671 1271 the
692 1215 780 1272 bettle
802 1214 836 1272 of
854 1213 1072 1280 Bennockburn,
1085 1214 1116 1269 in
1130 1212 1178 1270 the
1191 1231 1258 1290 year
1277 1212 1437 1288 preceding,
1452 1212 1504 1270 eth

308 1307 342 1364 of
364 1308 443 1366 Edw.
457 1309 499 1368 11.
540 1311 585 1388 By
599 1310 655 1368 this
670 1310 783 1370 Gilbert
807 1311 842 1368 de
864 1311 942 1370 Aton
965 1311 1012 1368 the
1032 1329 1131 1368 menor
1154 1311 1188 1368 of
1210 1309 1367 1387 Coythorp,
1381 1309 1448 1366 with
1470 1310 1506 1368 its

308 1404 455 1472 members,
467 1424 523 1462 ees
537 1405 680 1485 conveyed
692 1415 723 1464 ιο
735 1405 833 1483 Roger
847 1405 1013 1484 Dummory‚
1024 1405 1082 1464 end
1095 1415 1125 1463 to
1135 1405 1185 1463 the
1195 1405 1335 1464 aforesaid
1351 1405 1507 1474 Elisabeth,

307 1499 352 1557 bis
366 1501 438 1568 wife,
453 1501 508 1558 ond
521 1511 552 1560 ιο
565 1502 638 1560 their
651 1502 736 1570 heire,
750 1504 827 1578 prior
840 1511 870 1560 to
884 1502 933 1560 the
950 1503 1020 1560 leth
1040 1522 1108 1580 yeer
1124 1504 1157 1560 of
1174 1502 1296 1560 Edwerd
1310 1503 1358 1570 11,
1376 1503 1462 1571 1318,
1477 1503 1506 1559 in

308 1595 401 1654 which
416 1597 513 1673 Roget
527 1599 605 1657 Lord
621 1600 777 1676 Dsmmory
790 1598 847 1658 hed
866 1619 884 1658 e
903 1608 989 1677 grent
1001 1599 1035 1657 of
1044 1600 1209 1657 lreewerreu
1223 1600 1252 1658 in
1266 1599 1304 1658 ull
1318 1599 1362 1656 his
1377 1599 1506 1658 demesne

307 1692 388 1750 lends
408 1703 438 1752 et
460 1695 615 1771 Cottborpe
634 1696 664 1753 in
685 1694 890 1754 Limmlnshire.
931 1696 1066 1764 Stendon,
1088 1715 1161 1754 com.
1174 1696 1271 1766 Herm,
1286 1715 1342 1754 was
1362 1695 1455 1772 peroel
1476 1696 1510 1753 of

307 1789 356 1846 the
369 1791 477 1867 berony
487 1791 521 1848 of
533 1790 625 1860 Clare,
639 1790 696 1849 end
709 1791 766 1848 this
780 1799 905 1867 seperate
917 1809 1016 1848 menon
1026 1790 1122 1847 within
1136 1792 1172 1848 its
1186 1791 1271 1848 limits
1282 1791 1337 1848 will
1351 1791 1423 1849 heve
1436 1792 1505 1849 been

307 1903 345 1942 en
365 1887 531 1962 ecquisition
552 1888 585 1948 uf
604 1887 701 1964 Roger
717 1887 794 1946 Lord
809 1888 966 1964 Dommory
980 1886 1036 1945 end
1050 1887 1207 1956 Elisabeth,
1229 1886 1273 1946 his
1288 1887 1358 1946 wife.
1401 1888 1435 1946 ln
1458 1887 1506 1946 the

310 1981 380 2039 leth
392 1984 504 2060 yeeror‘
515 1983 637 2044 Edwerd
650 1985 699 2045 the
714 1984 832 2055 Second,
847 1984 895 2044 the
908 1984 1053 2062 following
1065 1994 1150 2061 grant
1159 2003 1215 2042 wes
1228 1983 1309 2042 mede
1323 1991 1352 2042 to
1367 1984 1415 2042 the
1430 2005 1505 2046 some

307 2080 467 2156 perticet-

348 2185 366 2213 “
378 2177 532 2238 Edwardus
548 2180 604 2238 Dei
617 2182 709 2257 gretie
723 2181 785 2239 Rex
802 2181 905 2258 Anglie
921 2180 1061 2239 Dominus
1076 2179 1213 2238 Hibernie
1225 2189 1254 2237 et
1269 2179 1336 2237 Dux
1353 2181 1505 2256 Aquitenie

306 2277 436 2334 omnibus
448 2278 484 2336 ed
497 2297 568 2354 quos
582 2288 724 2354 presentes
737 2278 828 2337 littere
846 2279 1032 2355 pervenerint,
1053 2277 1180 2336 saluum.
1224 2276 1325 2336 Sciatis
1345 2278 1504 2353 quodcum

306 2392 403 2450 nuper,
414 2375 449 2432 de
459 2395 575 2434 assensu
590 2376 774 2444 Preletorum‚
787 2376 941 2446 Comitum,
957 2375 1100 2434 Beronum
1113 2383 1143 2433 et
1157 2375 1310 2434 Procerum
1324 2378 1403 2452 regni
1417 2377 1506 2434 nostri

307 2473 336 2528 in
354 2472 544 2532 Perliemento
566 2483 662 2533 nostro
680 2473 754 2551 opud
776 2472 935 2532 Eboracum
956 2493 974 2530 e
995 2473 1041 2531 die
1064 2471 1174 2533 Pesche
1187 2475 1314 2550 proximo
1328 2475 1461 2550 preterito
1475 2474 1504 2530 in

306 2590 394 2628 unum
413 2591 538 2630 mensem
558 2582 713 2631 convocato
733 2572 924 2640 existencium,
949 2590 1000 2648 pro
1013 2572 1088 2628 bono
1101 2579 1130 2628 et
1143 2571 1277 2628 laudabili
1297 2572 1416 2630 servicio
1429 2570 1505 2647 quod

307 2667 424 2726 dilectus
444 2678 474 2727 et
493 2670 583 2727 fidelis
604 2679 699 2727 noster
720 2668 851 2745 Rogerus
866 2668 994 2745 Demory
1007 2669 1088 2726 nobis
1101 2669 1277 2744 impenderet
1289 2677 1319 2727 et
1332 2669 1506 2746 impenderet

306 2765 335 2822 in
352 2765 491 2833 futurum,
504 2765 662 2824 dederimus
681 2773 709 2822 et
727 2765 944 2822 concesserimus
957 2764 1046 2822 eidem
1062 2764 1175 2839 Rogero
1191 2772 1220 2821 et
1235 2765 1409 2834 Elisabethe,
1423 2765 1504 2822 uxori

305 2863 365 2938 ejus
386 2873 414 2922 et
435 2863 512 2940 nepti
533 2871 629 2920 nostre
649 2863 801 2929 carissime,
822 2861 978 2918 manerium
999 2860 1034 2919 de
1056 2860 1193 2918 Seudhell
1208 2880 1272 2918 cum
1285 2861 1460 2937 pertinentiis
1473 2861 1502 2917 in

305 2959 440 3017 comitatu
454 2957 633 3025 Eboreoeusi,
645 2957 722 3034 quod
731 2956 881 3014 habuimus
895 2975 930 3013 ex
944 2954 1019 3011 dono
1029 2964 1058 3012 et
1072 2955 1250 3012 concessione
1263 2954 1357 3012 dilecti
1370 2963 1400 3012 et
1412 2954 1503 3012 fidelis

304 3056 393 3112 nostri
417 3053 540 3113 Gererdi
555 3052 689 3130 Selveyn‚
713 3051 869 3110 manerium
888 3049 924 3108 de
945 3049 1094 3126 Helghton
1108 3068 1173 3106 oum
1186 3049 1360 3126 pertinentiis
1374 3049 1402 3106 in
1416 3051 1502 3107 comi·

306 3158 365 3209 tatu
389 3151 508 3220 Oxonie,
530 3150 606 3228 quod
627 3149 793 3209 Edmundus
814 3149 849 3206 de
863 3148 1008 3208 Cornubie
1027 3146 1170 3224 quendem
1183 3165 1276 3204 comes
1291 3145 1435 3206 Comubie
1449 3148 1502 3205 sibi

304 3255 333 3306 et
346 3247 495 3307 heredibus
509 3249 567 3305 suis
580 3250 610 3306 in
628 3247 712 3306 feodo
725 3246 882 3323 ecqrdsirit,
894 3253 924 3304 et
937 3245 1013 3321 quod
1027 3243 1205 3322 postmodum
1218 3243 1292 3300 idem
1307 3243 1410 3302 Comes
1425 3243 1502 3302 dedit

307 3345 504 3403 Bartholomeo
518 3345 552 3402 de
564 3345 673 3403 Kenoie
685 3344 844 3402 habendum
858 3343 894 3400 ad
908 3351 998 3401 totam
1011 3344 1097 3402 vitem
1112 3342 1199 3419 ipsius
1214 3340 1414 3409 Bartholomei,
1426 3343 1502 3418 quod

304 3443 393 3499 eciem
412 3449 476 3516 post
495 3449 613 3497 mortem
632 3441 719 3516 ipsius
741 3438 930 3496 Bartholomei
943 3437 980 3496 od
992 3457 1093 3497 menos
1106 3447 1217 3496 nostras
1230 3437 1350 3507 devenit,
1364 3446 1394 3495 et
1406 3457 1502 3496 mene-

304 3541 377 3598 rium
388 3540 422 3598 de
433 3537 618 3599 Feukoshelle
632 3538 661 3594 in
675 3537 808 3594 comitutu
823 3535 944 3604 Surreie,
960 3535 1036 3612 quod
1051 3536 1191 3594 Ricardus
1205 3534 1240 3593 de
1255 3537 1399 3612 Gereseye
1412 3537 1503 3594 tenerit

303 3639 341 3697 od
359 3637 509 3695 terminum
522 3633 580 3692 vite
601 3651 651 3691 sue
672 3650 707 3689 ex
728 3631 906 3688 concessione
928 3639 1034 3698 nostre,
1055 3639 1084 3688 et
1103 3631 1180 3708 quod
1199 3639 1264 3706 post
1283 3640 1402 3688 mortem
1414 3632 1501 3707 ipsius

305 3736 422 3794 Ricardi
443 3734 480 3792 ed
499 3751 600 3790 monus
619 3738 731 3789 nostres
751 3727 891 3795 devenit*
914 3727 1053 3786 Hebende
1066 3736 1096 3786 et
1108 3729 1229 3786 tenende
1242 3728 1331 3786 eidem
1347 3727 1461 3804 Rogero
1474 3737 1503 3787 et

303 3834 451 3892 heredibus
473 3831 509 3889 de
533 3849 648 3907 corpore
668 3827 756 3906 ipsius
781 3825 888 3902 Rogeri
911 3823 1036 3901 legitime
1059 3825 1220 3901 procreetis,
1244 3843 1301 3882 une
1328 3844 1392 3882 oum
1412 3824 1503 3886 feodis

304 3930 432 3998 militum,
445 3926 678 3986 edvoceciouibus
697 3922 886 3989 ecclesiarum,
906 3929 935 3978 et
955 3922 1083 3980 omnibus
1104 3922 1166 3980 eliis
1186 3921 1223 3979 ed
1244 3921 1367 3978 menerie
1379 3921 1503 3997 predicte

336 4070 350 4096 *
367 4069 442 4114 Tbese
459 4067 526 4112 three
537 4077 632 4110 menore
641 4061 690 4108 hed
699 4062 759 4106 οοοο
770 4060 870 4120 granted
881 4065 906 4106 to
918 4059 957 4105 Sir
966 4059 1044 4119 Roger
1055 4059 1159 4118 Demory
1169 4057 1217 4104 end
1231 4058 1355 4105 Elisabeth
1367 4058 1398 4104 de
1410 4059 1502 4119 Burgh,

304 4152 341 4198 his
350 4152 411 4207 wite,
423 4151 447 4196 in
459 4159 613 4207 recompenoe
621 4143 647 4191 oi
656 4143 697 4190 the
707 4142 815 4188 tormer's
824 4141 913 4187 service
923 4147 949 4188 ιι
959 4140 1000 4188 the
1011 4141 1085 4188 battle
1092 4141 1119 4187 ol
1129 4141 1316 4196 Beonoclrburn,
1326 4141 1383 4201 nigh
1393 4139 1503 4202 Stirling,

304 4231 389 4290 fought
402 4244 432 4275 on
444 4227 485 4275 the
497 4242 538 4273 eve
549 4227 598 4273 end
611 4225 692 4284 depol
706 4223 742 4270 St.
755 4222 820 4269 John
832 4222 873 4269 the
885 4223 986 4282 Baptist,
998 4219 1071 4278 1³14,
1084 4221 1127 4270 'lth
1140 4221 1209 4268 Edw.
1224 4222 1267 4276 ll.‚
1278 4237 1304 4267 es
1317 4237 1351 4268 we
1363 4221 1428 4267 leern
1441 4222 1501 4269 irom
