3920 5022
564 591 607 651 24
920 605 1083 654 unomen
1107 601 1285 652 untoauu
1310 607 1356 650 ιι·

340 761 519 840 lactet-,¹3
649 755 846 824 Willielmne
860 757 971 847 Eevy,
986 759 1199 846 anparina.

338 827 528 956 mm
648 858 1008 928 nannenten

605 963 871 1044 Memorandum,
885 963 961 1030 eim
978 963 1180 1052 temporibus
1202 962 1365 1051 preteritis
1386 961 1534 1049 quolibet
1556 984 1643 1028 auno
1675 961 1708 1026 iu

559 1066 679 1154 Vigilie
692 1067 806 1134 Sanoti
820 1067 994 1134 Michaelis
1006 1067 1156 1134 nolebant
1166 1067 1245 1134 novi
1258 1066 1477 1132 Vioeoomitea
1488 1088 1563 1132 oum
1573 1066 1708 1132 Civibus

559 1169 704 1256 equitare
725 1169 769 1234 ad
790 1169 945 1256 Neugate
968 1170 1012 1235 ad
1034 1169 1237 1258 reeipiendus
1254 1170 1416 1256 prisone,
1430 1181 1465 1236 et
1478 1168 1525 1235 aio
1539 1169 1581 1234 ad
1594 1189 1708 1234 omnes

561 1274 677 1340 Poro·
692 1271 844 1338 Civitatis
864 1272 907 1337 od
928 1273 1118 1360 cupiendam
1143 1272 1243 1338 fidem
1264 1283 1299 1338 et
1317 1273 1488 1339 veritatem
1509 1273 1551 1339 de
1564 1272 1639 1352 illia,
1653 1271 1708 1358 qui

559 1375 722 1463 recipiunt
734 1373 1006 1442 ooneuetndiuem
1022 1374 1186 1456 Civihtie,
1200 1375 1289 1461 qnbd
1308 1375 1372 1440 hoo
1396 1397 1483 1441 anno
1506 1397 1620 1442 omnes
1643 1397 1708 1441 aer·

559 1478 697 1559 vientes,
711 1477 768 1564 qui
789 1477 957 1564 pertinent
977 1477 1021 1542 ad
1039 1476 1323 1558 Vtoeoomitatnm,
1336 1489 1498 1544 venerunt
1513 1478 1549 1543 in
1564 1477 1707 1544 Gildball

558 1581 673 1648 eodm
703 1581 768 1661 die,
791 1589 826 1646 et
848 1579 895 1645 ibi
914 1601 1022 1646 eoram
1049 1579 1177 1646 Maiore
1205 1591 1240 1646 et
1268 1579 1405 1646 Civibus
1434 1581 1647 1647 affidaverunt
1673 1582 1708 1646 in

559 1705 677 1750 manua
691 1683 913 1765 Woaoomitie,
927 1705 1000 1750 eane
1013 1683 1138 1762 fideles,
1152 1683 1289 1770 quilibet
1302 1684 1338 1750 in
1351 1684 1458 1750 officio
1474 1706 1546 1765 auo,
1554 1684 1708 1770 quamdiu

559 1787 765 1855 existentia
787 1788 923 1854 servicio
942 1787 1084 1853 illorum.
1140 1787 1217 1853 Hoo
1244 1809 1332 1853 anno
1360 1787 1479 1853 iterum
1507 1787 1629 1853 eleetua
1657 1798 1708 1854 eat

558 1889 718 1956 Radullue
748 1889 874 1957 llutlel
900 1889 1009 1955 Maior
1032 1889 1069 1954 in
1093 1889 1180 1955 teoto
1203 1889 1358 1977 Symonia
1382 1900 1417 1955 et
1444 1889 1544 1969 Jude,
1572 1899 1607 1954 et
1633 1889 1708 1975 quia

557 1991 723 2058 Dominue
748 1993 821 2059 Rex
842 2015 912 2059 non
931 1991 995 2058 init
1009 1991 1210 2074 londonien,
1229 2001 1437 2079 presentatus
1449 1993 1513 2058 init
1527 1992 1707 2058 Batonibus

557 2094 600 2162 da
614 2095 780 2162 Montio
792 2106 828 2162 et
839 2095 962 2162 ibidem
975 2094 1148 2161 admiaaua.

603 2197 681 2265 lloo
703 2220 803 2280 anuo,
818 2199 871 2265 die
894 2199 990 2265 Lune
1009 2209 1086 2264 aute
1104 2199 1226 2264 festum
1246 2198 1358 2264 Sancti
1371 2199 1513 2279 Audiet,
1528 2197 1708 2286 eomparuit

559 2299 756 2366 willielmua
766 2299 809 2366 de
824 2301 1072 2387 Mnnohaneaey
1085 2300 1121 2366 in
1133 2301 1311 2388 Hostium,
1325 2310 1360 2367 et
1372 2300 1450 2366 feeit
1459 2301 1523 2389 legi
1533 2311 1708 2367 tentamen-

558 2410 631 2467 tum
646 2401 792 2482 Pauline,
805 2401 871 2467 filie
897 2403 1067 2489 Reginaldi
1089 2403 1132 2470 de
1157 2403 1324 2490 Bungeye,
1346 2403 1458 2470 uxoria
1473 2426 1531 2470 aue
1545 2404 1707 2478 defuncte,

559 2502 595 2569 in
608 2524 674 2589 quo
688 2503 761 2589 ipae
773 2503 992 2590 perleguverot
1005 2504 1117 2570 omnia
1141 2515 1328 2572 tenemento
1351 2527 1412 2572 aua
1429 2505 1465 2571 in
1479 2505 1659 2572 Londoniia
1673 2516 1708 2572 et

559 2607 680 2694 optulit
691 2607 735 2672 ad
747 2606 954 2693 probandum
974 2607 1067 2689 illud,
1091 2609 1178 2675 siout
1203 2609 1406 2675 eonanetudo
1431 2608 1582 2676 Civitatis
1600 2620 1652 2675 eet
1665 2611 1706 2677 de

557 2708 773 2791 testamentis,
787 2709 910 2796 aliquid
931 2719 1168 2790 tenementum,
1182 2721 1301 2777 terrem
1323 2712 1376 2778 vel
1395 2712 1559 2778 redditum
1573 2723 1707 2799 tangen-

557 2809 659 2877 fibm.
700 2812 756 2877 Ad
779 2811 869 2898 quod
891 2833 1085 2898 responsum
1102 2813 1166 2879 fuit
1179 2835 1238 2900 per
1250 2813 1335 2894 illos,
1349 2813 1406 2900 qui
1420 2813 1572 2880 dixerunt
1585 2836 1621 2880 oe
1634 2835 1707 2880 eaaa

556 2913 693 2981 bmedea
707 2913 795 2982 dicte
811 2914 956 2996 Pauline,
970 2919 994 2955 “
1006 2917 1096 3002 quod
1121 2939 1189 2982 non
1211 2917 1275 2982 fuit
1299 2939 1432 2983 neoeuoe
1456 2919 1498 2982 od
1512 2917 1594 2983 illud
1607 2927 1707 2983 testa·

557 3025 706 3082 mentum
719 3016 937 3102 probandum,
960 3016 1036 3102 quia
1057 3039 1125 3083 non
1145 3018 1209 3084 fuit
1221 3018 1425 3085 rationabile.
1468 3019 1556 3084 Nam
1570 3019 1625 3084 illa
1638 3040 1706 3084 uon

556 3119 668 3204 potuit
681 3117 803 3204 aliquid
816 3127 1042 3184 tenementum
1056 3119 1172 3204 legare,
1187 3121 1313 3187 deaiout
1326 3120 1381 3186 illa
1390 3120 1454 3187 fuit
1468 3125 1530 3187 aub
1545 3131 1706 3208 potestate

556 3220 619 3286 viri
643 3220 727 3286 oui?
771 3219 918 3286 'landem
946 3221 1058 3286 multia
1084 3221 1346 3289 altercationibus
1369 3223 1456 3290 inter
1469 3233 1577 3311 portes
1602 3226 1706 3304 hetia,

558 3322 668 3389 Maior
692 3332 728 3388 et
752 3321 861 3403 Cives,
885 3322 998 3389 habito
1028 3325 1189 3411 colloquio
1214 3325 1291 3392 inde
1318 3325 1354 3391 in
1383 3349 1519 3408 tamena,
1547 3337 1707 3393 venerunt

557 3433 593 3490 et
615 3423 778 3504 dixerunt,
798 3427 821 3462 “
829 3424 918 3510 quod
943 3425 1033 3491 nulla
1051 3426 1168 3493 mulier
1190 3427 1387 3514 desponsata
1400 3429 1521 3516 poterit
1534 3451 1595 3494 neo
1608 3427 1707 3494 debet

557 3525 689 3611 aliquod
706 3533 932 3592 tenementum
946 3549 1043 3594 auum
1063 3529 1179 3616 legere,
1201 3539 1237 3595 et
1250 3529 1279 3594 ai
1295 3529 1417 3610 fecerit,
1436 3530 1599 3596 inirritum
1612 3552 1705 3596 revo·

557 3635 670 3707 octor,
699 3625 775 3712 quia
803 3627 893 3694 nulla
921 3629 1078 3710 venditio,
1107 3630 1252 3711 donatio,
1281 3629 1440 3711 dimiaaio,
1464 3631 1518 3696 vel
1545 3631 1705 3711 alienatio,

556 3751 655 3816 quam
671 3728 798 3809 mulier,
813 3751 877 3816 qao
890 3730 990 3798 habet
998 3733 1117 3814 virum,
1130 3732 1244 3799 feeerit
1252 3733 1293 3799 de
1306 3743 1403 3814 terra,
1417 3734 1623 3816 tenementis,
1638 3735 1706 3800 aive

556 3832 737 3898 uedditibut
762 3831 884 3900 debent
905 3855 978 3900 ease
1003 3836 1146 3916 stabiles,
1169 3835 1233 3901 nisi
1255 3835 1327 3922 ipaa
1347 3837 1474 3903 venerit
1486 3838 1522 3902 in
1538 3837 1704 3925 Huatingu

554 3957 633 4002 oum
657 3935 728 4002 viro
750 3957 822 4016 auo,
847 3945 883 4002 et
904 3937 968 4004 hou
985 3938 1065 4004 lotia
1079 3939 1290 4006 affidaverit.’'
1335 3939 1599 4022 Memorandum‚
1616 3941 1704 4028 quod

553 4040 673 4107 eodem
687 4062 774 4107 anno
794 4041 830 4107 in
853 4041 938 4110 letto
966 4043 1208 4125 Innocentium,
1222 4044 1259 4109 in
1273 4043 1407 4130 Capella
1421 4045 1532 4110 Sancti
1547 4045 1704 4132 Stephani

554 4145 643 4231 opud
656 4144 996 4232 westmonasterium,
1020 4169 1130 4216 coram
1144 4147 1290 4217 Domino
1313 4149 1403 4235 Rege
1425 4159 1460 4216 et
1484 4147 1619 4216 oonsilio
1644 4169 1703 4215 auo
