<?xml version="1.0" encoding="UTF-8"?>
<!DOCTYPE html PUBLIC "-//W3C//DTD XHTML 1.0 Transitional//EN"
    "http://www.w3.org/TR/xhtml1/DTD/xhtml1-transitional.dtd">
<html xmlns="http://www.w3.org/1999/xhtml" xml:lang="en" lang="en">
 <head>
  <title>
</title>
<meta http-equiv="Content-Type" content="text/html;charset=utf-8" />
  <meta name='ocr-system' content='tesseract 3.04.00' />
  <meta name='ocr-capabilities' content='ocr_page ocr_carea ocr_par ocr_line ocrx_word'/>
</head>
<body>
  <div class='ocr_page' id='page_1' title='image "./deantiquislegib02fitzgoog_0418.png"; bbox 0 0 3930 5088; ppageno 0'>
   <div class='ocr_carea' id='block_1_1' title="bbox 554 507 1345 564">
    <p class='ocr_par' dir='ltr' id='par_1_1' title="bbox 554 507 1345 564">
     <span class='ocr_line' id='line_1_1' title="bbox 554 507 1345 564; baseline 0.001 -2"><span class='ocrx_word' id='word_1_1' title='bbox 554 507 614 563; x_wconf 77' lang='lat'><strong>142</strong></span> <span class='ocrx_word' id='word_1_2' title='bbox 908 519 1071 564; x_wconf 73' lang='lat' dir='ltr'><strong>cronica</strong></span> <span class='ocrx_word' id='word_1_3' title='bbox 1097 519 1275 564; x_wconf 71' lang='lat' dir='ltr'><strong>unionum</strong></span> <span class='ocrx_word' id='word_1_4' title='bbox 1300 520 1345 563; x_wconf 77' lang='lat' dir='ltr'><strong>ur</strong></span> 
     </span>
    </p>
   </div>
   <div class='ocr_carea' id='block_1_2' title="bbox 550 670 1705 840">
    <p class='ocr_par' dir='ltr' id='par_1_2' title="bbox 550 670 1705 840">
     <span class='ocr_line' id='line_1_2' title="bbox 550 670 1705 758; baseline 0.002 -22"><span class='ocrx_word' id='word_1_5' title='bbox 550 681 584 736; x_wconf 90' lang='lat' dir='ltr'><strong>et</strong></span> <span class='ocrx_word' id='word_1_6' title='bbox 608 694 628 737; x_wconf 84' lang='lat' dir='ltr'><strong>a</strong></span> <span class='ocrx_word' id='word_1_7' title='bbox 653 671 823 758; x_wconf 86' lang='lat' dir='ltr'><strong>proposito</strong></span> <span class='ocrx_word' id='word_1_8' title='bbox 849 693 909 736; x_wconf 90' lang='lat' dir='ltr'><strong>suo</strong></span> <span class='ocrx_word' id='word_1_9' title='bbox 936 692 971 736; x_wconf 92' lang='lat' dir='ltr'><strong>se</strong></span> <span class='ocrx_word' id='word_1_10' title='bbox 986 670 1129 749; x_wconf 83' lang='lat' dir='ltr'><strong>retraxit,</strong></span> <span class='ocrx_word' id='word_1_11' title='bbox 1152 670 1296 736; x_wconf 90' lang='lat' dir='ltr'><strong>retinens</strong></span> <span class='ocrx_word' id='word_1_12' title='bbox 1310 671 1494 757; x_wconf 87' lang='lat' dir='ltr'><strong>predictum</strong></span> <span class='ocrx_word' id='word_1_13' title='bbox 1516 683 1650 758; x_wconf 89' lang='lat' dir='ltr'><strong>pontem</strong></span> <span class='ocrx_word' id='word_1_14' title='bbox 1663 673 1705 738; x_wconf 88' lang='lat' dir='ltr'><strong>in</strong></span> 
     </span>
     <span class='ocr_line' id='line_1_3' title="bbox 550 795 767 840; baseline 0 -2"><span class='ocrx_word' id='word_1_15' title='bbox 550 795 666 838; x_wconf 84' lang='lat' dir='ltr'><strong>manus</strong></span> <span class='ocrx_word' id='word_1_16' title='bbox 681 795 767 840; x_wconf 87' lang='lat' dir='ltr'><strong>suas.</strong></span> 
     </span>
    </p>
   </div>
   <div class='ocr_carea' id='block_1_3' title="bbox 547 872 1703 1578">
    <p class='ocr_par' dir='ltr' id='par_1_3' title="bbox 549 872 1699 1166">
     <span class='ocr_line' id='line_1_4' title="bbox 592 872 1699 943; baseline 0.003 -4"><span class='ocrx_word' id='word_1_17' title='bbox 592 875 646 939; x_wconf 88' lang='lat' dir='ltr'><strong>Ad</strong></span> <span class='ocrx_word' id='word_1_18' title='bbox 671 875 790 942; x_wconf 76' lang='lat' dir='ltr'><strong>festum</strong></span> <span class='ocrx_word' id='word_1_19' title='bbox 812 872 923 939; x_wconf 87' lang='lat' dir='ltr'><strong>Sancti</strong></span> <span class='ocrx_word' id='word_1_20' title='bbox 942 873 1113 939; x_wconf 76' lang='lat' dir='ltr'><strong>Michaelis</strong></span> <span class='ocrx_word' id='word_1_21' title='bbox 1136 875 1213 940; x_wconf 80' lang='lat' dir='ltr'><strong>lacti</strong></span> <span class='ocrx_word' id='word_1_22' title='bbox 1237 875 1454 942; x_wconf 71' lang='lat' dir='ltr'><strong>Vroecomites</strong></span> <span class='ocrx_word' id='word_1_23' title='bbox 1476 877 1635 942; x_wconf 88' lang='lat' dir='ltr'><strong>Ricardus</strong></span> <span class='ocrx_word' id='word_1_24' title='bbox 1656 877 1699 943; x_wconf 93' lang='lat' dir='ltr'><strong>de</strong></span> 
     </span>
     <span class='ocr_line' id='line_1_5' title="bbox 551 976 1698 1064; baseline 0.001 -21"><span class='ocrx_word' id='word_1_25' title='bbox 551 977 829 1057; x_wconf 85' lang='lat' dir='ltr'><strong>Paris,Johannes</strong></span> <span class='ocrx_word' id='word_1_26' title='bbox 853 976 894 1041; x_wconf 92' lang='lat' dir='ltr'><strong>de</strong></span> <span class='ocrx_word' id='word_1_27' title='bbox 919 976 1066 1041; x_wconf 90' lang='lat' dir='ltr'><strong>Buddele</strong></span> <span class='ocrx_word' id='word_1_28' title='bbox 1091 976 1201 1059; x_wconf 79' lang='lat' dir='ltr'><strong>(Anno</strong></span> <span class='ocrx_word' id='word_1_29' title='bbox 1228 976 1429 1043; x_wconf 70' lang='lat' dir='ltr'><strong>mecum.</strong></span> <span class='ocrx_word' id='word_1_30' title='bbox 1453 979 1559 1064; x_wconf 87' lang='lat' dir='ltr'><strong>primo</strong></span> <span class='ocrx_word' id='word_1_31' title='bbox 1583 979 1618 1043; x_wconf 92' lang='lat' dir='ltr'><strong>in</strong></span> <span class='ocrx_word' id='word_1_32' title='bbox 1632 979 1698 1044; x_wconf 89' lang='lat' dir='ltr'><strong>fine</strong></span> 
     </span>
     <span class='ocr_line' id='line_1_6' title="bbox 549 1080 937 1166; baseline 0.003 -21"><span class='ocrx_word' id='word_1_33' title='bbox 549 1081 626 1145; x_wconf 88' lang='lat' dir='ltr'><strong>anni</strong></span> <span class='ocrx_word' id='word_1_34' title='bbox 648 1081 738 1166; x_wconf 86' lang='lat' dir='ltr'><strong>regni</strong></span> <span class='ocrx_word' id='word_1_35' title='bbox 760 1080 845 1166; x_wconf 78' lang='lat' dir='ltr'><strong>regis</strong></span> <span class='ocrx_word' id='word_1_36' title='bbox 867 1080 937 1164; x_wconf 55' lang='grc' dir='ltr'><strong>ΙΨ).</strong></span> 
     </span>
    </p>

    <p class='ocr_par' dir='ltr' id='par_1_4' title="bbox 592 1179 1395 1267">
     <span class='ocr_line' id='line_1_7' title="bbox 592 1179 1395 1267; baseline 0 -21"><span class='ocrx_word' id='word_1_37' title='bbox 592 1182 667 1247; x_wconf 91' lang='lat' dir='ltr'><strong>Hoc</strong></span> <span class='ocrx_word' id='word_1_38' title='bbox 681 1203 767 1247; x_wconf 88' lang='lat' dir='ltr'><strong>anno</strong></span> <span class='ocrx_word' id='word_1_39' title='bbox 778 1181 884 1246; x_wconf 84' lang='lat' dir='ltr'><strong>factus</strong></span> <span class='ocrx_word' id='word_1_40' title='bbox 895 1191 946 1246; x_wconf 88' lang='lat' dir='ltr'><strong>est</strong></span> <span class='ocrx_word' id='word_1_41' title='bbox 965 1179 1073 1247; x_wconf 85' lang='lat' dir='ltr'><strong>Maior</strong></span> <span class='ocrx_word' id='word_1_42' title='bbox 1086 1180 1253 1246; x_wconf 86' lang='lat' dir='ltr'><strong>Walterus</strong></span> <span class='ocrx_word' id='word_1_43' title='bbox 1269 1180 1395 1267; x_wconf 83' lang='lat' dir='ltr'><strong>Hervy.</strong></span> 
     </span>
    </p>

    <p class='ocr_par' dir='ltr' id='par_1_5' title="bbox 547 1284 1703 1578">
     <span class='ocr_line' id='line_1_8' title="bbox 593 1284 1703 1372; baseline 0 -21"><span class='ocrx_word' id='word_1_44' title='bbox 593 1285 669 1351; x_wconf 91' lang='lat' dir='ltr'><strong>Hoc</strong></span> <span class='ocrx_word' id='word_1_45' title='bbox 682 1306 768 1351; x_wconf 86' lang='lat' dir='ltr'><strong>anno</strong></span> <span class='ocrx_word' id='word_1_46' title='bbox 782 1284 817 1348; x_wconf 94' lang='lat' dir='ltr'><strong>in</strong></span> <span class='ocrx_word' id='word_1_47' title='bbox 834 1284 1037 1349; x_wconf 85' lang='lat' dir='ltr'><strong>Parlomento</strong></span> <span class='ocrx_word' id='word_1_48' title='bbox 1052 1285 1139 1370; x_wconf 85' lang='lat' dir='ltr'><strong>apud</strong></span> <span class='ocrx_word' id='word_1_49' title='bbox 1155 1285 1483 1350; x_wconf 80' lang='lat' dir='ltr'><strong>westmonasterium</strong></span> <span class='ocrx_word' id='word_1_50' title='bbox 1496 1285 1609 1351; x_wconf 89' lang='lat' dir='ltr'><strong>habito</strong></span> <span class='ocrx_word' id='word_1_51' title='bbox 1619 1297 1703 1372; x_wconf 89' lang='lat' dir='ltr'><strong>post</strong></span> 
     </span>
     <span class='ocr_line' id='line_1_9' title="bbox 547 1387 1695 1465; baseline 0.001 -12"><span class='ocrx_word' id='word_1_52' title='bbox 547 1390 667 1454; x_wconf 81' lang='lat' dir='ltr'><strong>festum</strong></span> <span class='ocrx_word' id='word_1_53' title='bbox 683 1387 916 1454; x_wconf 68' lang='lat' dir='ltr'><strong>lianslationis</strong></span> <span class='ocrx_word' id='word_1_54' title='bbox 931 1387 1043 1452; x_wconf 77' lang='lat' dir='ltr'><strong>Sancti</strong></span> <span class='ocrx_word' id='word_1_55' title='bbox 1067 1387 1231 1465; x_wconf 81' lang='lat' dir='ltr'><strong>Edwardi‚</strong></span> <span class='ocrx_word' id='word_1_56' title='bbox 1251 1398 1412 1452; x_wconf 87' lang='lat' dir='ltr'><strong>venerunt</strong></span> <span class='ocrx_word' id='word_1_57' title='bbox 1425 1409 1532 1454; x_wconf 88' lang='lat' dir='ltr'><strong>coram</strong></span> <span class='ocrx_word' id='word_1_58' title='bbox 1548 1388 1695 1454; x_wconf 82' lang='lat' dir='ltr'><strong>Consilio</strong></span> 
     </span>
     <span class='ocr_line' id='line_1_10' title="bbox 547 1489 1699 1578; baseline 0 -24"><span class='ocrx_word' id='word_1_59' title='bbox 547 1491 646 1576; x_wconf 84' lang='lat' dir='ltr'><strong>Regis</strong></span> <span class='ocrx_word' id='word_1_60' title='bbox 657 1490 715 1569; x_wconf 90' lang='lat' dir='ltr'><strong>illi,</strong></span> <span class='ocrx_word' id='word_1_61' title='bbox 729 1490 785 1578; x_wconf 87' lang='lat' dir='ltr'><strong>qui</strong></span> <span class='ocrx_word' id='word_1_62' title='bbox 794 1511 853 1575; x_wconf 90' lang='lat' dir='ltr'><strong>per</strong></span> <span class='ocrx_word' id='word_1_63' title='bbox 861 1499 1052 1575; x_wconf 80' lang='lat' dir='ltr'><strong>preceptum</strong></span> <span class='ocrx_word' id='word_1_64' title='bbox 1067 1509 1164 1552; x_wconf 89' lang='lat' dir='ltr'><strong>suum</strong></span> <span class='ocrx_word' id='word_1_65' title='bbox 1172 1489 1265 1553; x_wconf 86' lang='lat' dir='ltr'><strong>missi</strong></span> <span class='ocrx_word' id='word_1_66' title='bbox 1280 1490 1409 1554; x_wconf 82' lang='lat' dir='ltr'><strong>fuerant</strong></span> <span class='ocrx_word' id='word_1_67' title='bbox 1423 1511 1481 1575; x_wconf 86' lang='lat' dir='ltr'><strong>per</strong></span> <span class='ocrx_word' id='word_1_68' title='bbox 1493 1491 1643 1576; x_wconf 81' lang='lat' dir='ltr'><strong>Angliam</strong></span> <span class='ocrx_word' id='word_1_69' title='bbox 1654 1491 1699 1554; x_wconf 90' lang='lat' dir='ltr'><strong>ad</strong></span> 
     </span>
    </p>
   </div>
   <div class='ocr_carea' id='block_1_4' title="bbox 541 1589 1697 2397">
    <p class='ocr_par' dir='ltr' id='par_1_6' title="bbox 543 1589 1694 1882">
     <span class='ocr_line' id='line_1_11' title="bbox 546 1589 1694 1680; baseline 0 -21"><span class='ocrx_word' id='word_1_70' title='bbox 546 1593 774 1680; x_wconf 85' lang='lat' dir='ltr'><strong>inquirendum</strong></span> <span class='ocrx_word' id='word_1_71' title='bbox 789 1593 829 1658; x_wconf 90' lang='lat' dir='ltr'><strong>de</strong></span> <span class='ocrx_word' id='word_1_72' title='bbox 849 1591 945 1658; x_wconf 91' lang='lat' dir='ltr'><strong>bonis</strong></span> <span class='ocrx_word' id='word_1_73' title='bbox 972 1600 1006 1657; x_wconf 93' lang='lat' dir='ltr'><strong>et</strong></span> <span class='ocrx_word' id='word_1_74' title='bbox 1035 1589 1158 1656; x_wconf 84' lang='lat' dir='ltr'><strong>catellis</strong></span> <span class='ocrx_word' id='word_1_75' title='bbox 1188 1591 1412 1670; x_wconf 86' lang='lat' dir='ltr'><strong>Flandrencie,</strong></span> <span class='ocrx_word' id='word_1_76' title='bbox 1437 1592 1581 1658; x_wconf 88' lang='lat' dir='ltr'><strong>dicentes</strong></span> <span class='ocrx_word' id='word_1_77' title='bbox 1607 1594 1694 1678; x_wconf 90' lang='lat' dir='ltr'><strong>quod</strong></span> 
     </span>
     <span class='ocr_line' id='line_1_12' title="bbox 543 1693 1694 1782; baseline -0.002 -19"><span class='ocrx_word' id='word_1_78' title='bbox 543 1698 631 1763; x_wconf 85' lang='lat' dir='ltr'><strong>bona</strong></span> <span class='ocrx_word' id='word_1_79' title='bbox 659 1718 796 1782; x_wconf 82' lang='lat' dir='ltr'><strong>percos</strong></span> <span class='ocrx_word' id='word_1_80' title='bbox 821 1696 955 1760; x_wconf 83' lang='lat' dir='ltr'><strong>inventa</strong></span> <span class='ocrx_word' id='word_1_81' title='bbox 983 1695 1018 1759; x_wconf 90' lang='lat' dir='ltr'><strong>in</strong></span> <span class='ocrx_word' id='word_1_82' title='bbox 1047 1693 1167 1760; x_wconf 92' lang='lat' dir='ltr'><strong>debitis</strong></span> <span class='ocrx_word' id='word_1_83' title='bbox 1193 1705 1228 1759; x_wconf 92' lang='lat' dir='ltr'><strong>et</strong></span> <span class='ocrx_word' id='word_1_84' title='bbox 1252 1695 1375 1760; x_wconf 84' lang='lat' dir='ltr'><strong>catallis</strong></span> <span class='ocrx_word' id='word_1_85' title='bbox 1406 1695 1625 1762; x_wconf 84' lang='lat' dir='ltr'><strong>ascendebant</strong></span> <span class='ocrx_word' id='word_1_86' title='bbox 1652 1697 1694 1761; x_wconf 90' lang='lat' dir='ltr'><strong>ad</strong></span> 
     </span>
     <span class='ocr_line' id='line_1_13' title="bbox 543 1796 1094 1882; baseline -0.007 -17"><span class='ocrx_word' id='word_1_87' title='bbox 543 1800 635 1865; x_wconf 64' lang='lat' dir='ltr'><strong>viiim.</strong></span> <span class='ocrx_word' id='word_1_88' title='bbox 649 1799 748 1864; x_wconf 87' lang='lat' dir='ltr'><strong>libras</strong></span> <span class='ocrx_word' id='word_1_89' title='bbox 764 1821 840 1864; x_wconf 93' lang='lat' dir='ltr'><strong>cum</strong></span> <span class='ocrx_word' id='word_1_90' title='bbox 855 1798 966 1863; x_wconf 86' lang='lat' dir='ltr'><strong>debito</strong></span> <span class='ocrx_word' id='word_1_91' title='bbox 982 1796 1094 1882; x_wconf 84' lang='lat' dir='ltr'><strong>Regis.</strong></span> 
     </span>
    </p>

    <p class='ocr_par' dir='ltr' id='par_1_7' title="bbox 541 1899 1697 2397">
     <span class='ocr_line' id='line_1_14' title="bbox 586 1899 1693 1987; baseline 0 -20"><span class='ocrx_word' id='word_1_92' title='bbox 586 1903 679 1968; x_wconf 83' lang='lat' dir='ltr'><strong>Tunc</strong></span> <span class='ocrx_word' id='word_1_93' title='bbox 694 1923 771 1966; x_wconf 80' lang='lat' dir='ltr'><strong>vero</strong></span> <span class='ocrx_word' id='word_1_94' title='bbox 786 1901 953 1986; x_wconf 86' lang='lat' dir='ltr'><strong>provisum</strong></span> <span class='ocrx_word' id='word_1_95' title='bbox 978 1901 1041 1966; x_wconf 85' lang='lat' dir='ltr'><strong>fuit</strong></span> <span class='ocrx_word' id='word_1_96' title='bbox 1063 1921 1122 1987; x_wconf 91' lang='lat' dir='ltr'><strong>per</strong></span> <span class='ocrx_word' id='word_1_97' title='bbox 1135 1899 1309 1965; x_wconf 90' lang='lat' dir='ltr'><strong>consilium</strong></span> <span class='ocrx_word' id='word_1_98' title='bbox 1334 1900 1470 1965; x_wconf 87' lang='lat' dir='ltr'><strong>Domini</strong></span> <span class='ocrx_word' id='word_1_99' title='bbox 1493 1901 1591 1987; x_wconf 84' lang='lat' dir='ltr'><strong>Regis</strong></span> <span class='ocrx_word' id='word_1_100' title='bbox 1605 1903 1693 1987; x_wconf 93' lang='lat' dir='ltr'><strong>quod</strong></span> 
     </span>
     <span class='ocr_line' id='line_1_15' title="bbox 543 2001 1697 2088; baseline -0.001 -18"><span class='ocrx_word' id='word_1_101' title='bbox 543 2025 657 2070; x_wconf 90' lang='lat' dir='ltr'><strong>omnes</strong></span> <span class='ocrx_word' id='word_1_102' title='bbox 672 2013 868 2069; x_wconf 83' lang='lat' dir='ltr'><strong>mercatores</strong></span> <span class='ocrx_word' id='word_1_103' title='bbox 891 2003 1020 2088; x_wconf 83' lang='lat' dir='ltr'><strong>Anglie‚</strong></span> <span class='ocrx_word' id='word_1_104' title='bbox 1046 2002 1167 2088; x_wconf 88' lang='lat' dir='ltr'><strong>quibus</strong></span> <span class='ocrx_word' id='word_1_105' title='bbox 1190 2001 1311 2087; x_wconf 88' lang='lat' dir='ltr'><strong>aliquid</strong></span> <span class='ocrx_word' id='word_1_106' title='bbox 1337 2002 1515 2067; x_wconf 88' lang='lat' dir='ltr'><strong>Comitissa</strong></span> <span class='ocrx_word' id='word_1_107' title='bbox 1544 2004 1697 2069; x_wconf 80' lang='lat' dir='ltr'><strong>Flaudrie</strong></span> 
     </span>
     <span class='ocr_line' id='line_1_16' title="bbox 543 2104 1692 2190; baseline -0.001 -20"><span class='ocrx_word' id='word_1_108' title='bbox 543 2106 732 2185; x_wconf 76' lang='lat' dir='ltr'><strong>abstulerat,</strong></span> <span class='ocrx_word' id='word_1_109' title='bbox 753 2105 887 2170; x_wconf 85' lang='lat' dir='ltr'><strong>veniant</strong></span> <span class='ocrx_word' id='word_1_110' title='bbox 911 2105 999 2190; x_wconf 90' lang='lat' dir='ltr'><strong>apud</strong></span> <span class='ocrx_word' id='word_1_111' title='bbox 1013 2104 1343 2169; x_wconf 87' lang='lat' dir='ltr'><strong>Westmonasterium</strong></span> <span class='ocrx_word' id='word_1_112' title='bbox 1367 2105 1409 2168; x_wconf 92' lang='lat' dir='ltr'><strong>ad</strong></span> <span class='ocrx_word' id='word_1_113' title='bbox 1422 2105 1608 2190; x_wconf 84' lang='lat' dir='ltr'><strong>proximum</strong></span> <span class='ocrx_word' id='word_1_114' title='bbox 1627 2106 1692 2170; x_wconf 82' lang='lat' dir='ltr'><strong>fes·</strong></span> 
     </span>
     <span class='ocr_line' id='line_1_17' title="bbox 541 2206 1693 2285; baseline -0.002 -11"><span class='ocrx_word' id='word_1_115' title='bbox 541 2219 613 2274; x_wconf 87' lang='lat' dir='ltr'><strong>tum</strong></span> <span class='ocrx_word' id='word_1_116' title='bbox 639 2208 749 2274; x_wconf 78' lang='lat' dir='ltr'><strong>Sancti</strong></span> <span class='ocrx_word' id='word_1_117' title='bbox 765 2206 905 2285; x_wconf 81' lang='lat' dir='ltr'><strong>Hillarii,</strong></span> <span class='ocrx_word' id='word_1_118' title='bbox 929 2207 1091 2272; x_wconf 79' lang='lat' dir='ltr'><strong>ostensuri</strong></span> <span class='ocrx_word' id='word_1_119' title='bbox 1118 2218 1153 2272; x_wconf 91' lang='lat' dir='ltr'><strong>et</strong></span> <span class='ocrx_word' id='word_1_120' title='bbox 1169 2207 1342 2272; x_wconf 84' lang='lat' dir='ltr'><strong>certificavi</strong></span> <span class='ocrx_word' id='word_1_121' title='bbox 1358 2206 1540 2273; x_wconf 75' lang='lat' dir='ltr'><strong>Consilium</strong></span> <span class='ocrx_word' id='word_1_122' title='bbox 1555 2208 1693 2273; x_wconf 88' lang='lat' dir='ltr'><strong>Domini</strong></span> 
     </span>
     <span class='ocr_line' id='line_1_18' title="bbox 542 2309 1690 2397; baseline 0 -20"><span class='ocrx_word' id='word_1_123' title='bbox 542 2312 640 2397; x_wconf 83' lang='lat' dir='ltr'><strong>Regis</strong></span> <span class='ocrx_word' id='word_1_124' title='bbox 656 2310 792 2397; x_wconf 83' lang='lat' dir='ltr'><strong>quilibet</strong></span> <span class='ocrx_word' id='word_1_125' title='bbox 814 2332 873 2395; x_wconf 91' lang='lat' dir='ltr'><strong>per</strong></span> <span class='ocrx_word' id='word_1_126' title='bbox 895 2330 941 2388; x_wconf 82' lang='lat' dir='ltr'><strong>se,</strong></span> <span class='ocrx_word' id='word_1_127' title='bbox 957 2309 997 2374; x_wconf 93' lang='lat' dir='ltr'><strong>de</strong></span> <span class='ocrx_word' id='word_1_128' title='bbox 1011 2309 1120 2375; x_wconf 87' lang='lat' dir='ltr'><strong>valore</strong></span> <span class='ocrx_word' id='word_1_129' title='bbox 1146 2311 1346 2390; x_wconf 73' lang='lat' dir='ltr'><strong>catellorum,</strong></span> <span class='ocrx_word' id='word_1_130' title='bbox 1370 2333 1432 2396; x_wconf 88' lang='lat' dir='ltr'><strong>que</strong></span> <span class='ocrx_word' id='word_1_131' title='bbox 1457 2311 1601 2397; x_wconf 77' lang='lat' dir='ltr'><strong>predicte</strong></span> <span class='ocrx_word' id='word_1_132' title='bbox 1624 2310 1690 2376; x_wconf 87' lang='lat' dir='ltr'><strong>Co·</strong></span> 
     </span>
    </p>
   </div>
   <div class='ocr_carea' id='block_1_5' title="bbox 541 2414 1797 2500">
    <p class='ocr_par' dir='ltr' id='par_1_8' title="bbox 541 2414 1797 2500">
     <span class='ocr_line' id='line_1_19' title="bbox 541 2414 1797 2500; baseline 0.001 -20"><span class='ocrx_word' id='word_1_133' title='bbox 541 2416 667 2480; x_wconf 86' lang='lat' dir='ltr'><strong>mitissa</strong></span> <span class='ocrx_word' id='word_1_134' title='bbox 680 2414 777 2480; x_wconf 88' lang='lat' dir='ltr'><strong>abeis</strong></span> <span class='ocrx_word' id='word_1_135' title='bbox 792 2420 932 2498; x_wconf 82' lang='lat' dir='ltr'><strong>ceperat,</strong></span> <span class='ocrx_word' id='word_1_136' title='bbox 947 2422 981 2478; x_wconf 92' lang='lat' dir='ltr'><strong>et</strong></span> <span class='ocrx_word' id='word_1_137' title='bbox 995 2423 1074 2478; x_wconf 91' lang='lat' dir='ltr'><strong>tunc</strong></span> <span class='ocrx_word' id='word_1_138' title='bbox 1088 2415 1251 2500; x_wconf 86' lang='lat' dir='ltr'><strong>recepturi</strong></span> <span class='ocrx_word' id='word_1_139' title='bbox 1266 2414 1306 2480; x_wconf 91' lang='lat' dir='ltr'><strong>de</strong></span> <span class='ocrx_word' id='word_1_140' title='bbox 1317 2415 1471 2500; x_wconf 83' lang='lat' dir='ltr'><strong>predictis</strong></span> <span class='ocrx_word' id='word_1_141' title='bbox 1486 2415 1582 2480; x_wconf 90' lang='lat' dir='ltr'><strong>bonis</strong></span> <span class='ocrx_word' id='word_1_142' title='bbox 1594 2416 1692 2481; x_wconf 79' lang='lat' dir='ltr'><strong>Flan-</strong></span> <span class='ocrx_word' id='word_1_143' title='bbox 1795 2482 1797 2488; x_wconf 66' lang='grc'>,</span> 
     </span>
    </p>
   </div>
   <div class='ocr_carea' id='block_1_6' title="bbox 536 2515 1691 3219">
    <p class='ocr_par' dir='ltr' id='par_1_9' title="bbox 538 2515 1691 2906">
     <span class='ocr_line' id='line_1_20' title="bbox 540 2515 1691 2604; baseline 0 -20"><span class='ocrx_word' id='word_1_144' title='bbox 540 2519 717 2598; x_wconf 90' lang='lat' dir='ltr'><strong>drensium,</strong></span> <span class='ocrx_word' id='word_1_145' title='bbox 731 2515 868 2604; x_wconf 89' lang='lat' dir='ltr'><strong>quilibet</strong></span> <span class='ocrx_word' id='word_1_146' title='bbox 885 2538 977 2581; x_wconf 89' lang='lat' dir='ltr'><strong>suam</strong></span> <span class='ocrx_word' id='word_1_147' title='bbox 987 2517 1183 2603; x_wconf 89' lang='lat' dir='ltr'><strong>portionem.</strong></span> <span class='ocrx_word' id='word_1_148' title='bbox 1227 2519 1273 2584; x_wconf 87' lang='lat' dir='ltr'><strong>Et</strong></span> <span class='ocrx_word' id='word_1_149' title='bbox 1292 2518 1460 2584; x_wconf 90' lang='lat' dir='ltr'><strong>sciendum</strong></span> <span class='ocrx_word' id='word_1_150' title='bbox 1475 2518 1563 2604; x_wconf 87' lang='lat' dir='ltr'><strong>quod</strong></span> <span class='ocrx_word' id='word_1_151' title='bbox 1577 2520 1691 2584; x_wconf 85' lang='lat' dir='ltr'><strong>catalla</strong></span> 
     </span>
     <span class='ocr_line' id='line_1_21' title="bbox 539 2620 1690 2708; baseline 0.001 -22"><span class='ocrx_word' id='word_1_152' title='bbox 539 2645 602 2708; x_wconf 89' lang='lat' dir='ltr'><strong>que</strong></span> <span class='ocrx_word' id='word_1_153' title='bbox 618 2621 795 2688; x_wconf 79' lang='lat' dir='ltr'><strong>comitissa</strong></span> <span class='ocrx_word' id='word_1_154' title='bbox 816 2631 946 2707; x_wconf 86' lang='lat' dir='ltr'><strong>ceperat</strong></span> <span class='ocrx_word' id='word_1_155' title='bbox 965 2620 1006 2686; x_wconf 88' lang='lat' dir='ltr'><strong>ab</strong></span> <span class='ocrx_word' id='word_1_156' title='bbox 1022 2621 1166 2707; x_wconf 83' lang='lat' dir='ltr'><strong>Anglicis</strong></span> <span class='ocrx_word' id='word_1_157' title='bbox 1191 2621 1408 2687; x_wconf 86' lang='lat' dir='ltr'><strong>ascendebant</strong></span> <span class='ocrx_word' id='word_1_158' title='bbox 1430 2621 1471 2686; x_wconf 85' lang='lat' dir='ltr'><strong>ad</strong></span> <span class='ocrx_word' id='word_1_159' title='bbox 1486 2621 1569 2707; x_wconf 75' lang='lat' dir='ltr'><strong>vijm.</strong></span> <span class='ocrx_word' id='word_1_160' title='bbox 1591 2621 1690 2688; x_wconf 84' lang='lat' dir='ltr'><strong>libras</strong></span> 
     </span>
     <span class='ocr_line' id='line_1_22' title="bbox 539 2723 1688 2810; baseline 0.002 -21"><span class='ocrx_word' id='word_1_161' title='bbox 539 2725 778 2810; x_wconf 85' lang='lat' dir='ltr'><strong>sterlingorum,</strong></span> <span class='ocrx_word' id='word_1_162' title='bbox 792 2723 937 2809; x_wconf 87' lang='lat' dir='ltr'><strong>exceptis</strong></span> <span class='ocrx_word' id='word_1_163' title='bbox 959 2723 1082 2788; x_wconf 86' lang='lat' dir='ltr'><strong>catallis</strong></span> <span class='ocrx_word' id='word_1_164' title='bbox 1105 2734 1320 2789; x_wconf 86' lang='lat' dir='ltr'><strong>mercatorum</strong></span> <span class='ocrx_word' id='word_1_165' title='bbox 1348 2723 1516 2804; x_wconf 88' lang='lat' dir='ltr'><strong>Hibernia,</strong></span> <span class='ocrx_word' id='word_1_166' title='bbox 1542 2723 1688 2806; x_wconf 89' lang='lat' dir='ltr'><strong>Scochie,</strong></span> 
     </span>
     <span class='ocr_line' id='line_1_23' title="bbox 538 2826 1235 2906; baseline -0.003 -13"><span class='ocrx_word' id='word_1_167' title='bbox 538 2827 667 2906; x_wconf 87' lang='lat' dir='ltr'><strong>Wallie,</strong></span> <span class='ocrx_word' id='word_1_168' title='bbox 678 2835 712 2892; x_wconf 89' lang='lat' dir='ltr'><strong>et</strong></span> <span class='ocrx_word' id='word_1_169' title='bbox 726 2826 909 2892; x_wconf 90' lang='lat' dir='ltr'><strong>tenentium</strong></span> <span class='ocrx_word' id='word_1_170' title='bbox 921 2827 1057 2892; x_wconf 91' lang='lat' dir='ltr'><strong>Domini</strong></span> <span class='ocrx_word' id='word_1_171' title='bbox 1072 2826 1235 2892; x_wconf 87' lang='lat' dir='ltr'><strong>Edwardi.</strong></span> 
     </span>
    </p>

    <p class='ocr_par' dir='ltr' id='par_1_10' title="bbox 536 2929 1690 3219">
     <span class='ocr_line' id='line_1_24' title="bbox 583 2929 1685 3016; baseline 0.001 -21"><span class='ocrx_word' id='word_1_172' title='bbox 583 2931 710 3009; x_wconf 83' lang='lat' dir='ltr'><strong>Postea,</strong></span> <span class='ocrx_word' id='word_1_173' title='bbox 733 2929 767 2994; x_wconf 93' lang='lat' dir='ltr'><strong>in</strong></span> <span class='ocrx_word' id='word_1_174' title='bbox 785 2929 1008 2994; x_wconf 80' lang='lat' dir='ltr'><strong>Paralumcnto</strong></span> <span class='ocrx_word' id='word_1_175' title='bbox 1031 2929 1143 2995; x_wconf 87' lang='lat' dir='ltr'><strong>habito</strong></span> <span class='ocrx_word' id='word_1_176' title='bbox 1167 2930 1201 2995; x_wconf 92' lang='lat' dir='ltr'><strong>in</strong></span> <span class='ocrx_word' id='word_1_177' title='bbox 1221 2929 1384 3016; x_wconf 86' lang='lat' dir='ltr'><strong>quindena</strong></span> <span class='ocrx_word' id='word_1_178' title='bbox 1402 2929 1514 2996; x_wconf 85' lang='lat' dir='ltr'><strong>Sancti</strong></span> <span class='ocrx_word' id='word_1_179' title='bbox 1543 2930 1685 3012; x_wconf 89' lang='lat' dir='ltr'><strong>Hillarii,</strong></span> 
     </span>
     <span class='ocr_line' id='line_1_25' title="bbox 538 3030 1688 3119; baseline 0.003 -24"><span class='ocrx_word' id='word_1_180' title='bbox 538 3032 680 3119; x_wconf 88' lang='lat' dir='ltr'><strong>qnidam,</strong></span> <span class='ocrx_word' id='word_1_181' title='bbox 691 3053 830 3117; x_wconf 88' lang='lat' dir='ltr'><strong>quorum</strong></span> <span class='ocrx_word' id='word_1_182' title='bbox 841 3030 928 3095; x_wconf 90' lang='lat' dir='ltr'><strong>bona</strong></span> <span class='ocrx_word' id='word_1_183' title='bbox 940 3031 1175 3116; x_wconf 85' lang='lat' dir='ltr'><strong>captasuerunt</strong></span> <span class='ocrx_word' id='word_1_184' title='bbox 1188 3037 1201 3112; x_wconf 81' lang='lat' dir='ltr'><strong>l</strong></span> <span class='ocrx_word' id='word_1_185' title='bbox 1215 3033 1249 3095; x_wconf 95' lang='lat' dir='ltr'><strong>in</strong></span> <span class='ocrx_word' id='word_1_186' title='bbox 1260 3032 1421 3112; x_wconf 79' lang='lat' dir='ltr'><strong>Flandris,</strong></span> <span class='ocrx_word' id='word_1_187' title='bbox 1438 3033 1522 3097; x_wconf 92' lang='lat' dir='ltr'><strong>sicut</strong></span> <span class='ocrx_word' id='word_1_188' title='bbox 1535 3044 1688 3118; x_wconf 90' lang='lat' dir='ltr'><strong>prenota-</strong></span> 
     </span>
     <span class='ocr_line' id='line_1_26' title="bbox 536 3132 1690 3219; baseline 0 -19"><span class='ocrx_word' id='word_1_189' title='bbox 536 3147 600 3214; x_wconf 88' lang='lat' dir='ltr'><strong>tur,</strong></span> <span class='ocrx_word' id='word_1_190' title='bbox 625 3143 659 3198; x_wconf 90' lang='lat' dir='ltr'><strong>et</strong></span> <span class='ocrx_word' id='word_1_191' title='bbox 684 3132 824 3196; x_wconf 87' lang='lat' dir='ltr'><strong>maxime</strong></span> <span class='ocrx_word' id='word_1_192' title='bbox 850 3133 1109 3212; x_wconf 87' lang='lat' dir='ltr'><strong>Londonienses,</strong></span> <span class='ocrx_word' id='word_1_193' title='bbox 1133 3133 1194 3198; x_wconf 90' lang='lat' dir='ltr'><strong>sub</strong></span> <span class='ocrx_word' id='word_1_194' title='bbox 1218 3155 1276 3219; x_wconf 91' lang='lat' dir='ltr'><strong>spe</strong></span> <span class='ocrx_word' id='word_1_195' title='bbox 1301 3132 1443 3198; x_wconf 91' lang='lat' dir='ltr'><strong>habendi</strong></span> <span class='ocrx_word' id='word_1_196' title='bbox 1466 3133 1604 3219; x_wconf 88' lang='lat' dir='ltr'><strong>aliquem</strong></span> <span class='ocrx_word' id='word_1_197' title='bbox 1630 3135 1690 3200; x_wconf 90' lang='lat' dir='ltr'><strong>de·</strong></span> 
     </span>
    </p>
   </div>
   <div class='ocr_carea' id='block_1_7' title="bbox 534 3233 1790 3322">
    <p class='ocr_par' dir='ltr' id='par_1_11' title="bbox 534 3233 1790 3322">
     <span class='ocr_line' id='line_1_27' title="bbox 534 3233 1790 3322; baseline -0.001 -20"><span class='ocrx_word' id='word_1_198' title='bbox 534 3237 660 3302; x_wconf 89' lang='lat' dir='ltr'><strong>narium</strong></span> <span class='ocrx_word' id='word_1_199' title='bbox 677 3234 717 3299; x_wconf 93' lang='lat' dir='ltr'><strong>de</strong></span> <span class='ocrx_word' id='word_1_200' title='bbox 732 3233 850 3298; x_wconf 87' lang='lat' dir='ltr'><strong>debitis</strong></span> <span class='ocrx_word' id='word_1_201' title='bbox 860 3234 962 3298; x_wconf 88' lang='lat' dir='ltr'><strong>Fland</strong></span> <span class='ocrx_word' id='word_1_202' title='bbox 968 3233 1121 3315; x_wconf 78' lang='lat' dir='ltr'><strong>tensium,</strong></span> <span class='ocrx_word' id='word_1_203' title='bbox 1136 3258 1198 3322; x_wconf 89' lang='lat' dir='ltr'><strong>que</strong></span> <span class='ocrx_word' id='word_1_204' title='bbox 1207 3247 1286 3302; x_wconf 90' lang='lat' dir='ltr'><strong>tunc</strong></span> <span class='ocrx_word' id='word_1_205' title='bbox 1298 3237 1531 3321; x_wconf 86' lang='lat' dir='ltr'><strong>colligebantur</strong></span> <span class='ocrx_word' id='word_1_206' title='bbox 1543 3259 1603 3321; x_wconf 90' lang='lat' dir='ltr'><strong>per</strong></span> <span class='ocrx_word' id='word_1_207' title='bbox 1616 3239 1689 3303; x_wconf 87' lang='lat' dir='ltr'><strong>An-</strong></span> <span class='ocrx_word' id='word_1_208' title='bbox 1787 3313 1790 3318; x_wconf 75' lang='lat'><strong>.</strong></span> 
     </span>
    </p>
   </div>
   <div class='ocr_carea' id='block_1_8' title="bbox 525 3336 1688 4251">
    <p class='ocr_par' dir='ltr' id='par_1_12' title="bbox 525 3336 1688 4251">
     <span class='ocr_line' id='line_1_28' title="bbox 534 3336 1687 3426; baseline 0.003 -23"><span class='ocrx_word' id='word_1_209' title='bbox 534 3341 642 3426; x_wconf 83' lang='lat' dir='ltr'><strong>gliam,</strong></span> <span class='ocrx_word' id='word_1_210' title='bbox 658 3336 916 3404; x_wconf 85' lang='lat' dir='ltr'><strong>certificaverunt</strong></span> <span class='ocrx_word' id='word_1_211' title='bbox 928 3338 1013 3420; x_wconf 87' lang='lat' dir='ltr'><strong>illos,</strong></span> <span class='ocrx_word' id='word_1_212' title='bbox 1037 3339 1093 3425; x_wconf 93' lang='lat' dir='ltr'><strong>qui</strong></span> <span class='ocrx_word' id='word_1_213' title='bbox 1107 3339 1149 3404; x_wconf 89' lang='lat' dir='ltr'><strong>ad</strong></span> <span class='ocrx_word' id='word_1_214' title='bbox 1170 3341 1234 3404; x_wconf 88' lang='lat' dir='ltr'><strong>hoc</strong></span> <span class='ocrx_word' id='word_1_215' title='bbox 1248 3361 1306 3424; x_wconf 92' lang='lat' dir='ltr'><strong>per</strong></span> <span class='ocrx_word' id='word_1_216' title='bbox 1320 3340 1502 3404; x_wconf 90' lang='lat' dir='ltr'><strong>Dominum</strong></span> <span class='ocrx_word' id='word_1_217' title='bbox 1518 3341 1640 3425; x_wconf 80' lang='lat' dir='ltr'><strong>Regem</strong></span> <span class='ocrx_word' id='word_1_218' title='bbox 1652 3350 1687 3406; x_wconf 88' lang='lat' dir='ltr'><strong>et</strong></span> 
     </span>
     <span class='ocr_line' id='line_1_29' title="bbox 534 3441 1688 3527; baseline -0.001 -18"><span class='ocrx_word' id='word_1_219' title='bbox 534 3442 704 3509; x_wconf 89' lang='lat' dir='ltr'><strong>consilium</strong></span> <span class='ocrx_word' id='word_1_220' title='bbox 721 3462 817 3505; x_wconf 87' lang='lat' dir='ltr'><strong>suum</strong></span> <span class='ocrx_word' id='word_1_221' title='bbox 831 3441 984 3505; x_wconf 90' lang='lat' dir='ltr'><strong>attornati</strong></span> <span class='ocrx_word' id='word_1_222' title='bbox 999 3441 1142 3522; x_wconf 84' lang='lat' dir='ltr'><strong>fuerunt,</strong></span> <span class='ocrx_word' id='word_1_223' title='bbox 1156 3441 1293 3527; x_wconf 90' lang='lat' dir='ltr'><strong>quilibet</strong></span> <span class='ocrx_word' id='word_1_224' title='bbox 1313 3442 1500 3527; x_wconf 87' lang='lat' dir='ltr'><strong>juramento</strong></span> <span class='ocrx_word' id='word_1_225' title='bbox 1515 3463 1574 3506; x_wconf 90' lang='lat' dir='ltr'><strong>suo</strong></span> <span class='ocrx_word' id='word_1_226' title='bbox 1590 3444 1688 3508; x_wconf 82' lang='lat' dir='ltr'><strong>tertia</strong></span> 
     </span>
     <span class='ocr_line' id='line_1_30' title="bbox 533 3543 1684 3632; baseline 0.002 -23"><span class='ocrx_word' id='word_1_227' title='bbox 533 3567 650 3610; x_wconf 90' lang='lat' dir='ltr'><strong>manus</strong></span> <span class='ocrx_word' id='word_1_228' title='bbox 665 3567 685 3608; x_wconf 86' lang='lat' dir='ltr'><strong>a</strong></span> <span class='ocrx_word' id='word_1_229' title='bbox 699 3566 762 3630; x_wconf 92' lang='lat' dir='ltr'><strong>que</strong></span> <span class='ocrx_word' id='word_1_230' title='bbox 788 3543 874 3608; x_wconf 92' lang='lat' dir='ltr'><strong>bona</strong></span> <span class='ocrx_word' id='word_1_231' title='bbox 890 3544 1065 3610; x_wconf 88' lang='lat' dir='ltr'><strong>Comitissa</strong></span> <span class='ocrx_word' id='word_1_232' title='bbox 1091 3555 1219 3630; x_wconf 88' lang='lat' dir='ltr'><strong>ceperat</strong></span> <span class='ocrx_word' id='word_1_233' title='bbox 1242 3544 1283 3610; x_wconf 88' lang='lat' dir='ltr'><strong>ab</strong></span> <span class='ocrx_word' id='word_1_234' title='bbox 1308 3545 1355 3609; x_wconf 88' lang='lat' dir='ltr'><strong>eis</strong></span> <span class='ocrx_word' id='word_1_235' title='bbox 1375 3554 1410 3610; x_wconf 89' lang='lat' dir='ltr'><strong>et</strong></span> <span class='ocrx_word' id='word_1_236' title='bbox 1427 3544 1570 3611; x_wconf 82' lang='lat' dir='ltr'><strong>valorem</strong></span> <span class='ocrx_word' id='word_1_237' title='bbox 1594 3546 1684 3632; x_wconf 92' lang='lat' dir='ltr'><strong>ipso-</strong></span> 
     </span>
     <span class='ocr_line' id='line_1_31' title="bbox 533 3645 1684 3732; baseline -0.002 -19"><span class='ocrx_word' id='word_1_238' title='bbox 533 3670 617 3713; x_wconf 88' lang='lat' dir='ltr'><strong>rum.</strong></span> <span class='ocrx_word' id='word_1_239' title='bbox 661 3647 755 3711; x_wconf 80' lang='lat' dir='ltr'><strong>&#39;lunc</strong></span> <span class='ocrx_word' id='word_1_240' title='bbox 769 3645 927 3731; x_wconf 87' lang='lat' dir='ltr'><strong>temporis</strong></span> <span class='ocrx_word' id='word_1_241' title='bbox 943 3668 1069 3727; x_wconf 90' lang='lat' dir='ltr'><strong>omnes,</strong></span> <span class='ocrx_word' id='word_1_242' title='bbox 1084 3647 1124 3711; x_wconf 93' lang='lat' dir='ltr'><strong>de</strong></span> <span class='ocrx_word' id='word_1_243' title='bbox 1139 3646 1257 3732; x_wconf 91' lang='lat' dir='ltr'><strong>quibus</strong></span> <span class='ocrx_word' id='word_1_244' title='bbox 1283 3655 1473 3730; x_wconf 88' lang='lat' dir='ltr'><strong>coopertum</strong></span> <span class='ocrx_word' id='word_1_245' title='bbox 1488 3647 1561 3726; x_wconf 83' lang='lat' dir='ltr'><strong>fuit,</strong></span> <span class='ocrx_word' id='word_1_246' title='bbox 1576 3647 1610 3712; x_wconf 91' lang='lat' dir='ltr'><strong>in</strong></span> <span class='ocrx_word' id='word_1_247' title='bbox 1631 3647 1684 3711; x_wconf 89' lang='lat' dir='ltr'><strong>in·</strong></span> 
     </span>
     <span class='ocr_line' id='line_1_32' title="bbox 532 3748 1682 3837; baseline 0.001 -23"><span class='ocrx_word' id='word_1_248' title='bbox 532 3749 706 3837; x_wconf 88' lang='lat' dir='ltr'><strong>quisitione</strong></span> <span class='ocrx_word' id='word_1_249' title='bbox 724 3749 809 3813; x_wconf 83' lang='lat' dir='ltr'><strong>factu</strong></span> <span class='ocrx_word' id='word_1_250' title='bbox 823 3748 1025 3833; x_wconf 86' lang='lat' dir='ltr'><strong>temporibus</strong></span> <span class='ocrx_word' id='word_1_251' title='bbox 1039 3750 1219 3828; x_wconf 85' lang='lat' dir='ltr'><strong>retroactis,</strong></span> <span class='ocrx_word' id='word_1_252' title='bbox 1235 3749 1313 3836; x_wconf 92' lang='lat' dir='ltr'><strong>quid</strong></span> <span class='ocrx_word' id='word_1_253' title='bbox 1334 3748 1518 3814; x_wconf 88' lang='lat' dir='ltr'><strong>habuerunt</strong></span> <span class='ocrx_word' id='word_1_254' title='bbox 1532 3752 1572 3815; x_wconf 92' lang='lat' dir='ltr'><strong>de</strong></span> <span class='ocrx_word' id='word_1_255' title='bbox 1587 3750 1682 3815; x_wconf 86' lang='lat' dir='ltr'><strong>bonis</strong></span> 
     </span>
     <span class='ocr_line' id='line_1_33' title="bbox 532 3850 1682 3938; baseline 0 -19"><span class='ocrx_word' id='word_1_256' title='bbox 532 3865 589 3920; x_wconf 87' lang='lat' dir='ltr'><strong>aut</strong></span> <span class='ocrx_word' id='word_1_257' title='bbox 603 3853 720 3918; x_wconf 83' lang='lat' dir='ltr'><strong>debitis</strong></span> <span class='ocrx_word' id='word_1_258' title='bbox 736 3850 982 3916; x_wconf 85' lang='lat' dir='ltr'><strong>Flandrensium</strong></span> <span class='ocrx_word' id='word_1_259' title='bbox 997 3851 1181 3937; x_wconf 90' lang='lat' dir='ltr'><strong>injunctum</strong></span> <span class='ocrx_word' id='word_1_260' title='bbox 1195 3853 1267 3930; x_wconf 70' lang='lat' dir='ltr'><strong>fuit,</strong></span> <span class='ocrx_word' id='word_1_261' title='bbox 1283 3861 1321 3916; x_wconf 91' lang='lat' dir='ltr'><strong>ut</strong></span> <span class='ocrx_word' id='word_1_262' title='bbox 1334 3851 1398 3938; x_wconf 91' lang='lat' dir='ltr'><strong>ipsi</strong></span> <span class='ocrx_word' id='word_1_263' title='bbox 1411 3854 1554 3919; x_wconf 84' lang='lat' dir='ltr'><strong>habeant</strong></span> <span class='ocrx_word' id='word_1_264' title='bbox 1568 3876 1682 3919; x_wconf 90' lang='lat' dir='ltr'><strong>omnes</strong></span> 
     </span>
     <span class='ocr_line' id='line_1_34' title="bbox 532 3956 1681 4044; baseline -0.003 -19"><span class='ocrx_word' id='word_1_265' title='bbox 532 3956 681 4025; x_wconf 88' lang='lat' dir='ltr'><strong>denarios</strong></span> <span class='ocrx_word' id='word_1_266' title='bbox 705 3957 782 4022; x_wconf 89' lang='lat' dir='ltr'><strong>inde</strong></span> <span class='ocrx_word' id='word_1_267' title='bbox 809 3957 1037 4044; x_wconf 83' lang='lat' dir='ltr'><strong>provenientes</strong></span> <span class='ocrx_word' id='word_1_268' title='bbox 1061 3978 1169 4021; x_wconf 91' lang='lat' dir='ltr'><strong>coram</strong></span> <span class='ocrx_word' id='word_1_269' title='bbox 1190 3956 1337 4022; x_wconf 85' lang='lat' dir='ltr'><strong>Consilio</strong></span> <span class='ocrx_word' id='word_1_270' title='bbox 1359 3956 1494 4022; x_wconf 91' lang='lat' dir='ltr'><strong>Domini</strong></span> <span class='ocrx_word' id='word_1_271' title='bbox 1520 3959 1620 4044; x_wconf 86' lang='lat' dir='ltr'><strong>Regis</strong></span> <span class='ocrx_word' id='word_1_272' title='bbox 1646 3959 1681 4022; x_wconf 84' lang='lat' dir='ltr'><strong>in</strong></span> 
     </span>
     <span class='ocr_line' id='line_1_35' title="bbox 531 4059 1680 4150; baseline -0.002 -22"><span class='ocrx_word' id='word_1_273' title='bbox 531 4063 636 4150; x_wconf 86' lang='lat' dir='ltr'><strong>prima</strong></span> <span class='ocrx_word' id='word_1_274' title='bbox 669 4061 850 4148; x_wconf 82' lang='lat' dir='ltr'><strong>septimana</strong></span> <span class='ocrx_word' id='word_1_275' title='bbox 884 4059 1137 4146; x_wconf 81' lang='lat' dir='ltr'><strong>quadragesime.</strong></span> <span class='ocrx_word' id='word_1_276' title='bbox 1193 4062 1239 4127; x_wconf 87' lang='lat' dir='ltr'><strong>Et</strong></span> <span class='ocrx_word' id='word_1_277' title='bbox 1272 4069 1361 4140; x_wconf 91' lang='lat' dir='ltr'><strong>tunc,</strong></span> <span class='ocrx_word' id='word_1_278' title='bbox 1385 4061 1500 4126; x_wconf 90' lang='lat' dir='ltr'><strong>eodem</strong></span> <span class='ocrx_word' id='word_1_279' title='bbox 1533 4071 1680 4146; x_wconf 88' lang='lat' dir='ltr'><strong>tempore</strong></span> 
     </span>
     <span class='ocr_line' id='line_1_36' title="bbox 525 4162 1684 4251; baseline -0.005 -18"><span class='ocrx_word' id='word_1_280' title='bbox 525 4171 608 4233; x_wconf 79' lang='lat' dir='ltr'><strong>facta</strong></span> <span class='ocrx_word' id='word_1_281' title='bbox 622 4178 673 4233; x_wconf 87' lang='lat' dir='ltr'><strong>est</strong></span> <span class='ocrx_word' id='word_1_282' title='bbox 686 4163 853 4251; x_wconf 87' lang='lat' dir='ltr'><strong>inquisitio</strong></span> <span class='ocrx_word' id='word_1_283' title='bbox 868 4187 926 4250; x_wconf 91' lang='lat' dir='ltr'><strong>per</strong></span> <span class='ocrx_word' id='word_1_284' title='bbox 941 4163 1083 4250; x_wconf 80' lang='lat' dir='ltr'><strong>singulas</strong></span> <span class='ocrx_word' id='word_1_285' title='bbox 1098 4165 1220 4230; x_wconf 84' lang='lat' dir='ltr'><strong>wardas</strong></span> <span class='ocrx_word' id='word_1_286' title='bbox 1249 4162 1410 4242; x_wconf 82' lang='lat' dir='ltr'><strong>Civitatis,</strong></span> <span class='ocrx_word' id='word_1_287' title='bbox 1436 4175 1470 4228; x_wconf 89' lang='lat' dir='ltr'><strong>et</strong></span> <span class='ocrx_word' id='word_1_288' title='bbox 1494 4165 1593 4230; x_wconf 89' lang='lat' dir='ltr'><strong>ctiam</strong></span> <span class='ocrx_word' id='word_1_289' title='bbox 1623 4186 1684 4248; x_wconf 90' lang='lat' dir='ltr'><strong>per</strong></span> 
     </span>
    </p>
   </div>
   <div class='ocr_carea' id='block_1_9' title="bbox 0 0 1970 5088">
    <p class='ocr_par' dir='ltr' id='par_1_13' title="bbox 0 0 1970 5088">
     <span class='ocr_line' id='line_1_37' title="bbox 0 0 1970 5088; baseline 0 9"><span class='ocrx_word' id='word_1_290' title='bbox 0 0 1970 5088; x_wconf 95' lang='lat' dir='ltr'><strong> </strong></span> 
     </span>
    </p>
   </div>
  </div>
 </body>
</html>
