3856 5038
795 630 972 675 euersos.
1434 608 1490 673 oxi

285 779 333 836 the
349 778 430 837 Rolls
444 780 477 838 os
489 779 622 840 Charters
636 783 692 840 and
706 781 817 840 letters
833 783 935 841 Patent
948 781 981 839 oi
990 780 1040 839 the
1053 780 1182 838 eleventh
1201 799 1267 858 year
1287 780 1321 837 of
1337 779 1382 837 his
1397 782 1488 858 reign,

289 879 375 936 1337.

327 975 384 1032 Pro
400 975 563 1034 Elimbctha
576 976 611 1034 de
625 977 731 1052 Burgo-
764 976 826 1035 Iicx
848 975 1087 1053 Archiepiscopis,
1098 979 1151 1032 &c
1162 973 1292 1032 selutem.
1323 973 1424 1032 Sciatis
1439 993 1490 1034 nos

287 1069 403 1138 dedisse,
425 1073 604 1140 concessisse,
625 1081 653 1129 et
673 1071 727 1129 hac
750 1081 827 1130 carta
850 1080 947 1130 nostra
971 1072 1151 1130 confirmasse
1165 1070 1264 1129 dilecte
1287 1071 1490 1147 consanguinee

286 1181 381 1229 nostre
403 1171 567 1232 Elisabethe
582 1173 617 1230 de
638 1172 744 1249 Burgo,
763 1190 818 1248 que
830 1170 886 1229 fuit
898 1190 970 1228 uxor
989 1169 1096 1246 Rogeri
1119 1168 1286 1247 Dammory,
1306 1169 1376 1226 duas
1397 1177 1489 1245 partes

286 1271 401 1327 manerii
414 1269 448 1327 de
462 1268 667 1327 Ilketelieshale
681 1288 745 1326 cum
759 1268 931 1346 pertinentiis
950 1270 979 1325 in
994 1268 1127 1326 comitatu
1143 1265 1283 1334 Suffolcie,
1296 1285 1352 1341 que
1374 1266 1490 1326 fuenmt

285 1365 424 1424 Johannis
438 1385 527 1444 nuper
541 1367 661 1426 Comitis
676 1367 827 1435 Cornubie,
840 1366 937 1424 fratris
951 1366 1070 1432 nostri?
1083 1383 1192 1422 necnon
1206 1363 1268 1421 illas
1289 1364 1389 1440 viginti
1403 1363 1488 1422 libra·

285 1471 329 1520 tas
342 1463 476 1533 redditus,
492 1482 562 1541 quas
576 1463 722 1522 Johennes
736 1465 771 1522 de
787 1463 909 1522 Sekford
921 1464 1001 1520 nobis
1021 1463 1059 1520 sd
1080 1462 1229 1519 terminum
1250 1462 1308 1518 vite
1326 1461 1415 1536 ipsius
1436 1461 1488 1519 Jo-

284 1557 386 1616 hannis
400 1561 544 1616 annuatim
558 1559 672 1617 reddere
687 1567 798 1617 tenetur
811 1578 863 1635 pro
884 1559 1008 1616 monerio
1029 1558 1063 1616 de
1086 1557 1208 1633 Clopton
1229 1575 1293 1614 cum
1315 1557 1488 1632 pertinentiis

282 1654 312 1710 in
326 1653 424 1712 eodem
438 1655 581 1720 comitatu,
596 1654 673 1730 quod
693 1662 771 1712 tenet
786 1654 824 1712 ad
844 1655 994 1712 terminum
1016 1654 1072 1710 vite
1094 1671 1143 1710 sue
1167 1671 1200 1709 ex
1222 1651 1399 1709 concessione
1419 1652 1488 1710 dicti

284 1749 403 1808 Comitis
414 1753 442 1818 ;†
464 1769 518 1826 que
533 1749 645 1826 quidem
658 1751 713 1807 due
726 1758 819 1826 partes
833 1769 889 1806 una
903 1769 967 1807 cum
987 1749 1085 1806 eodem
1105 1747 1218 1805 redditu
1232 1747 1331 1823 viginti
1353 1748 1487 1806 librarum

282 1847 320 1903 ad
333 1865 434 1904 manus
448 1853 562 1902 nostras
575 1864 626 1920 per
638 1853 758 1902 mortem
772 1845 858 1922 ipsius
878 1845 997 1904 Comitis
1022 1844 1200 1912 devenerunt,
1222 1852 1252 1901 et
1275 1845 1397 1902 reversio
1421 1845 1487 1902 dicti

282 1941 398 1998 manerii
412 1940 446 1998 de
462 1941 583 2017 Clopton
598 1949 662 2017 post
675 1948 794 1998 mortem
807 1939 909 2018 prefati
931 1940 1070 1999 Johanuis
1085 1940 1119 1998 de
1135 1939 1258 1998 Sehford
1280 1939 1317 1998 ad
1342 1960 1394 1998 nos
1408 1961 1487 2018 spec·

282 2046 334 2106 tat,
348 2058 382 2096 eo
395 2039 473 2116 quod
486 2039 561 2096 idem
576 2040 678 2099 Comes
692 2039 762 2096 obiit
775 2039 833 2096 sine
852 2036 953 2096 herede
974 2038 1008 2096 de
1030 2057 1146 2115 corpore
1170 2056 1221 2096 suo
1242 2048 1402 2115 procreato3
1423 2040 1488 2098 Ho-

282 2133 387 2195 bendss
401 2142 429 2191 et
442 2134 584 2204 tenendas,
598 2135 728 2192 videlicet
748 2135 835 2193 dictas
859 2135 928 2193 duas
951 2143 1044 2212 partes
1065 2153 1129 2192 cum
1150 2135 1323 2211 pertinentiis
1341 2135 1376 2192 od
1399 2143 1486 2196 totam

279 2233 366 2289 vitam
379 2233 485 2309 prefate
500 2231 672 2300 Elisabethe,
687 2252 720 2290 ac
734 2233 839 2290 dictum
859 2231 997 2290 redditum
1012 2232 1048 2290 ed
1069 2233 1218 2290 terminum
1242 2233 1296 2290 vite
1318 2233 1408 2309 ipsius
1430 2234 1482 2294 Jo-

282 2328 382 2387 bsnuis
398 2329 432 2388 dc
447 2329 575 2399 Sekford,
590 2331 615 2388 si
633 2331 722 2407 ipsam
742 2331 862 2389 eundem
883 2329 1043 2388 Johenoem
1064 2330 1241 2407 supervivere
1263 2331 1416 2407 contingat,
1430 2352 1487 2392 una

282 2446 345 2484 cum
359 2427 449 2485 feodis
463 2428 592 2496 miiitum,
612 2429 845 2487 sdvocacionibus
870 2427 1062 2496 ecclesiarum,
1081 2428 1181 2504 parcis,
1201 2427 1303 2496 boscis,
1325 2432 1485 2499 warrennis,

281 2524 370 2590 feriis,
384 2527 523 2592 mercatis,
537 2525 723 2593 libertatibus,
738 2525 985 2584 consuetudinibus
999 2535 1028 2582 et
1041 2525 1161 2582 servitiis
1175 2525 1330 2583 tenentium
1344 2534 1402 2584 tam
1417 2527 1484 2586 libe·

282 2640 379 2678 rorum
398 2640 482 2697 quarn
502 2622 661 2678 nativorum
681 2630 711 2679 et
729 2623 860 2679 omnibus
881 2621 943 2678 aliis
957 2621 994 2679 ad
1007 2621 1096 2678 dictas
1110 2623 1181 2679 dues
1195 2630 1288 2698 partes
1301 2631 1331 2680 et
1344 2623 1483 2682 redditum

280 2719 434 2796 predictum
455 2719 693 2794 qualitercumque
714 2719 914 2794 spectantibus,
928 2717 963 2775 de
984 2718 1065 2774 nobis
1089 2726 1118 2776 et
1141 2717 1290 2777 heredibus
1308 2722 1412 2778 nostris
1435 2743 1484 2800 per

281 2816 430 2874 servicium
443 2825 542 2892 quarte
555 2816 642 2892 partis
656 2814 730 2872 feodi
744 2815 827 2871 unius
847 2814 944 2871 militis
959 2834 1009 2891 pro
1023 2814 1099 2871 omni
1121 2815 1257 2882 servicio;
1277 2816 1317 2874 ita
1330 2818 1406 2892 quod
1420 2829 1484 2895 post

280 2921 399 2971 mortem
412 2912 536 2990 predicte
553 2911 717 2970 Elisabethe
730 2911 852 2988 predicte
866 2909 920 2967 due
936 2919 1028 2986 partes
1043 2930 1105 2967 cum
1120 2911 1305 2987 pertinentiis,
1320 2913 1403 2970 simul
1417 2934 1482 2971 curn

314 3073 328 3100 ⁴
344 3073 410 3120 John
422 3073 449 3119 oi
466 3073 572 3132 Eltham,
584 3072 640 3118 Fari
651 3072 678 3118 oi
688 3071 814 3130 Oornvvall,
826 3070 922 3118 brother
942 3070 969 3116 oi
987 3069 1090 3116 Edward
1102 3070 1143 3116 the
1154 3070 1238 3127 Third,
1254 3071 1383 3133 according
1400 3079 1425 3119 to
1441 3075 1483 3122 the

281 3152 485 3212 Scotichronicon,
496 3156 552 3202 died
564 3156 592 3202 of
599 3170 614 3201 a
625 3155 712 3202 vvound
724 3153 832 3200 received
843 3153 903 3199 hom
914 3153 956 3199 tho
968 3152 1033 3212 Kiog
1052 3157 1077 3198 at
1097 3151 1177 3209 Parth,
1189 3152 1279 3214 during
1297 3153 1339 3200 the
1358 3156 1441 3202 month
1458 3157 1485 3203 of

282 3233 429 3293 September,
441 3235 504 3282 1336
518 3254 524 3295 ς
540 3237 638 3283 tandem
649 3237 693 3282 sibi
705 3235 809 3282 occurrit
819 3234 851 3280 ad
867 3219 951 3280 'villam
970 3233 1000 3280 dc
1021 3233 1093 3279 Parth
1112 3233 1185 3280 trater
1202 3234 1254 3296 ejus
1273 3233 1404 3293 Johannes,
1424 3237 1481 3284 Hei-

282 3314 349 3360 tbam
362 3315 465 3372 nomine,
477 3329 519 3375 per
530 3321 608 3374 partes
619 3315 778 3362 occidentales
789 3314 875 3362 Scotiae
886 3315 1023 3375 integens,
1034 3328 1082 3374 quc
1093 3320 1174 3372 terras,
1186 3329 1245 3374 ques
1256 3316 1329 3362 trater
1337 3331 1396 3363 suus
1405 3332 1482 3378 nuper

280 3395 312 3440 ad
324 3407 407 3454 pacem
423 3403 548 3454 acceperet
565 3402 590 3442 et
608 3397 732 3443 ecclesiam
750 3397 872 3443 Priorams
890 3397 921 3443 de
942 3396 1088 3457 Leamahago
1097 3396 1179 3457 gladio
1189 3402 1213 3444 et
1224 3397 1280 3458 igne
1288 3399 1443 3458 consumpsit,
1454 3415 1482 3446 ao

279 3475 361 3535 piures
372 3475 463 3520 animes
479 3477 510 3520 ad
531 3476 640 3522 ecciesiae
656 3477 828 3537 confugientes,
849 3477 906 3538 igne
922 3478 1051 3538 supposito,
1070 3492 1126 3523 cum
1146 3479 1201 3538 ipsis
1223 3479 1327 3526 ecclesiis
1343 3480 1447 3527 extinxit
1457 3487 1482 3528 et

280 3557 375 3618 penitus
394 3557 490 3604 delevit.
525 3558 635 3618 Cumque
647 3557 710 3604 idem
723 3559 783 3616 Rex,
799 3564 855 3604 ante
873 3573 988 3619 magnum
1006 3560 1080 3606 altore
1099 3560 1182 3607 Sancti
1201 3561 1328 3618 Johsnnis,
1339 3577 1480 3623 superprae-

280 3641 356 3687 missis
367 3641 452 3701 ipsum,
469 3646 497 3686 ut
513 3639 606 3696 debuit,
623 3645 733 3700 argueret
744 3658 751 3696 ς
769 3644 793 3686 et
813 3641 862 3699 ipse
884 3640 944 3700 Regi
967 3641 1103 3701 indignanti
1122 3643 1203 3688 animo
1222 3644 1382 3704 responderet,
1400 3647 1480 3692 subito

280 3721 358 3768 fratris
370 3729 437 3783 spata
447 3722 496 3769 sire
508 3721 606 3768 cultello
623 3727 729 3768 extracto
748 3735 879 3781 percussus,
896 3723 968 3767 rebus
983 3729 1070 3769 exutus
1089 3729 1124 3770 est
1142 3725 1262 3772 humanis.
1297 3725 1408 3786 Dugdele
1424 3741 1479 3787 sup

279 3817 367 3863 presses
378 3803 425 3849 this
432 3802 539 3862 imputed
550 3802 723 3858 ssmssination,
734 3801 870 3862 describing
880 3801 929 3847 him
938 3807 964 3847 ιο
972 3801 1031 3847 have
1042 3803 1131 3862 merely
1141 3803 1213 3850 fallen
1225 3804 1276 3851 siok
1287 3811 1313 3851 st
1328 3806 1369 3851 the
1379 3811 1443 3852 toan
1456 3808 1482 3853 oi

280 3882 316 3930 St.
324 3883 399 3940 John,
410 3883 459 3928 and
470 3889 495 3929 ιο
506 3882 566 3929 have
576 3881 643 3928 there
654 3881 770 3942 deperted
782 3881 829 3928 this
838 3881 886 3940 lite,
899 3881 1000 3928 without
1011 3881 1065 3928 wite
1074 3897 1101 3928 or
1112 3883 1174 3929 bruc
1185 3901 1191 3939 ;
1208 3883 1305 3930 whence
1315 3885 1351 3930 his
1360 3885 1422 3945 body
1432 3901 1479 3933 was

278 3963 383 4023 brought
393 3969 418 4010 ιο
428 3963 469 4009 the
481 3963 565 4022 Abbey
582 3962 609 4007 oi
621 3961 795 4020 Westminater,
805 3961 853 4007 and
862 3962 947 4008 buried
957 3962 982 4006 in
996 3961 1032 4008 St
1045 3962 1268 4023 Edmund'schapei
1280 3965 1359 4010 under
1369 3980 1384 4011 a
1394 3980 1478 4012 monu-

280 4049 354 4098 ment,
366 4043 445 4089 which
453 4048 493 4102 yet
503 4042 613 4098 ramains,
623 4041 724 4089 without
730 4056 776 4102 any
787 4042 883 4102 epitaph
894 4048 919 4088 to
930 4040 972 4088 tell
983 4041 1024 4088 the
1034 4042 1076 4087 sod
1088 4048 1150 4102 story
1162 4042 1188 4089 oi
1197 4043 1234 4088 his
1244 4044 1356 4104 unhsppy
1371 4047 1425 4092 end.

311 4125 330 4179 †
345 4124 411 4170 John
423 4125 454 4170 de
464 4123 566 4170 Sekiord
578 4123 625 4169 had
636 4137 651 4168 a
666 4124 830 4170 confirmation
849 4124 876 4169 oi
890 4123 931 4169 the
941 4129 1013 4183 grant
1023 4123 1049 4170 oi
1062 4123 1103 4170 thc
1115 4137 1198 4169 manor
1208 4125 1341 4186 orctopton
1353 4126 1389 4172 ior
1400 4127 1441 4172 lite
1452 4128 1477 4173 in

278 4203 320 4248 the
330 4203 395 4249 sixth
407 4218 462 4263 year
474 4203 500 4249 oi
507 4202 611 4248 Edward
624 4201 673 4249 111.
687 4203 759 4250 1822.
775 4198 847 4259 (Rot.
861 4201 914 4248 Pet.
925 4202 939 4248 6
952 4201 1020 4249 Edw.
1033 4202 1082 4250 111.
1094 4215 1148 4262 pars
1158 4203 1254 4264 prima)
