3856 5038
436 581 475 624 XC
947 587 1125 628 ettamen.

434 731 541 808 prefate
559 732 679 792 Isabelle
700 734 793 790 omnia
817 734 872 792 alia
894 737 1019 794 maneria
1042 747 1131 794 terras
1155 748 1183 795 et
1203 745 1362 796 enemente
1388 735 1546 812 supradicta
1570 755 1635 792 cum

434 831 616 906 pertiuentiis,
636 849 690 906 que
710 833 854 890 occasione
870 835 968 890 mortis
989 835 1088 910 prefati
1105 835 1246 910 lingonis,
1266 833 1408 910 quondam
1422 833 1474 890 viri
1488 833 1540 902 sui,
1554 841 1635 909 capta

433 927 548 984 luerunt
561 929 589 984 iu
604 948 717 986 manum
730 938 854 987 nostram
869 950 925 988 una
942 951 1006 990 cum
1023 933 1143 990 exitibus
1165 953 1213 1010 per
1226 951 1277 989 vos
1297 930 1362 988 inde
1382 932 1518 1006 perceptis
1534 950 1552 987 a
1566 940 1635 986 tem·

433 1043 500 1100 pore
514 1027 652 1102 capcionis
665 1027 824 1084 eorumdem
840 1029 867 1085 in
881 1049 994 1087 menum
1007 1041 1132 1088 nostram
1146 1031 1205 1088 siue
1224 1029 1355 1087 dilatione
1368 1029 1492 1086 liberetis
1506 1027 1634 1092 tenenda,

434 1121 512 1180 salvo
523 1123 586 1198 juro
600 1124 757 1201 cujuslibet.
798 1125 883 1182 Teste
900 1125 978 1202 Rege
992 1137 1023 1183 ut
1037 1127 1147 1204 supra.”

475 1217 566 1276 “Rex
581 1220 684 1278 dilecto
708 1229 736 1278 et
759 1221 835 1278 fideli
857 1241 908 1280 suo
923 1223 1050 1281 Weitero
1074 1224 1109 1280 de
1129 1223 1317 1285 Gloucestna,
1334 1221 1480 1279 Escaetori
1495 1239 1547 1276 suo
1560 1219 1634 1277 ultra

435 1315 579 1386 Trentem,
588 1319 713 1376 salutem.
736 1320 838 1378 Sciatis
852 1321 927 1395 quod
941 1321 976 1377 de
990 1321 1071 1378 terris
1085 1331 1112 1378 et
1126 1321 1300 1384 tenementis,
1310 1337 1365 1393 que
1378 1319 1494 1375 fuerunt
1503 1317 1634 1392 Hugonis

436 1411 556 1470 Bardoll'
575 1415 708 1484 defuncti,
735 1417 784 1492 qui
808 1417 843 1473 de
865 1418 947 1474 nobis
971 1418 1060 1473 teutut
1080 1419 1108 1474 in
1129 1419 1229 1493 eapite,
1244 1417 1273 1472 in
1287 1415 1401 1472 ballivis
1414 1425 1508 1471 vestra
1521 1415 1565 1470 die
1579 1435 1635 1490 quo

434 1508 511 1576 obiit,
521 1519 549 1566 et
563 1531 617 1587 que
628 1513 772 1569 occasione
784 1513 883 1569 mortis
895 1512 1019 1588 ejusdem
1031 1525 1112 1588 capta
1123 1515 1226 1570 suntin
1237 1531 1352 1570 manum
1366 1523 1500 1578 nostram,
1511 1513 1636 1586 assigua-

435 1605 525 1663 vimus
540 1608 659 1666 lsabelle
673 1629 728 1686 que
741 1610 795 1666 suit
809 1627 878 1665 uxor
897 1609 984 1685 ipsius
1001 1608 1134 1685 Hugonis
1149 1621 1237 1666 terras
1252 1621 1280 1666 et
1295 1617 1452 1666 tenemento
1471 1609 1636 1684 subscripta,

434 1703 572 1772 videlicet,
591 1709 744 1763 manerium
766 1707 801 1763 de
821 1706 973 1783 Bere-ampo
986 1725 1051 1764 eum
1065 1707 1238 1784 pertinentiis
1252 1709 1281 1764 in
1295 1727 1367 1764 com.
1383 1706 1497 1772 Sussex,
1511 1705 1586 1780 quod
1599 1705 1636 1764 ad

434 1798 528 1856 decem
543 1813 571 1860 et
585 1815 688 1878 septem
704 1804 788 1861 libras
803 1803 947 1860 duodecim
966 1803 1068 1860 solidos
1089 1814 1117 1861 et
1136 1815 1256 1879 quatuor
1274 1805 1412 1870 denarios,
1431 1803 1586 1859 manerium
1600 1803 1635 1858 de

436 1897 596 1976 Ryslinton
618 1921 681 1958 cum
702 1900 858 1958 hamelettis
880 1901 914 1958 de
935 1901 1069 1980 Diggeby
1089 1911 1119 1958 et
1138 1900 1312 1978 Iasingham
1334 1921 1397 1958 cum
1418 1901 1592 1976 pertiuentiis
1605 1901 1634 1956 iu

434 2012 505 2050 com.
528 1995 656 2064 Lincolu,
679 2017 733 2073 que
757 1997 794 2055 ad
815 1997 874 2054 lxii.
894 1998 980 2054 libras
999 1999 1048 2053 iis.
1062 1997 1145 2055 viiid.
1167 2005 1197 2055 et
1217 2016 1306 2054 unum
1330 1997 1454 2064 obolum,
1480 1996 1634 2052 manerium

433 2099 521 2148 terres
536 2102 564 2149 et
574 2095 694 2170 quedam
705 2103 863 2151 tenemento
870 2114 934 2152 oum
942 2094 1113 2169 pertinentiis
1123 2095 1152 2151 in
1166 2093 1334 2170 Fillingham
1345 2095 1374 2150 in
1384 2093 1481 2151 eodem
1492 2095 1634 2161 comitatu,

434 2203 489 2260 que
503 2188 538 2245 ad
553 2191 612 2246 xxti
632 2190 716 2249 libras
733 2192 807 2249 xvis.
824 2199 853 2248 et
871 2191 924 2258 id.‚
944 2191 1079 2266 quasdam
1098 2199 1187 2248 terras
1206 2201 1235 2248 et
1255 2191 1374 2267 quedam
1394 2199 1551 2249 tenemento
1571 2211 1634 2248 cum

434 2284 606 2357 pertiuentiis
621 2288 649 2344 in
665 2289 814 2365 Rungeton
835 2290 863 2346 in
884 2307 955 2344 com.
973 2287 1061 2344 Norff.
1075 2307 1129 2364 que
1142 2289 1179 2345 ad
1196 2288 1258 2345 ixli.
1268 2297 1296 2345 et
1314 2308 1380 2345 xvs.
1394 2289 1456 2346 vid.
1469 2297 1499 2346 et
1512 2289 1634 2358 obolum,

434 2381 569 2455 quasdam
591 2393 681 2442 terras
700 2394 729 2443 et
748 2394 906 2442 tenementa
926 2405 989 2442 cum
1010 2387 1185 2460 pertinentiis
1204 2387 1233 2442 in
1254 2385 1477 2462 Strumpesbagh
1494 2387 1522 2442 in
1537 2386 1634 2442 eodem

433 2479 644 2558 comitatuque
663 2482 699 2539 ad
718 2483 779 2539 vili.
796 2502 842 2540 xs.
860 2491 887 2540 et
900 2503 989 2538 unum
1005 2481 1118 2540 obolum
1134 2483 1269 2558 quasdam
1288 2491 1376 2540 terras
1391 2493 1419 2540 et
1433 2491 1590 2540 tenemeuta
1605 2483 1634 2538 in

434 2574 529 2634 eadem
538 2578 604 2635 villa
613 2597 667 2654 que
676 2580 711 2636 ad
721 2579 777 2636 xiiii
782 2578 812 2635 li.
822 2579 916 2634 xviiis.
924 2577 969 2632 viii
976 2577 1002 2634 d.
1009 2587 1035 2636 et
1046 2577 1254 2636 anamodolum
1265 2579 1452 2636 extenduntur
1460 2597 1633 2654 perannum,

433 2683 462 2728 et
473 2675 616 2750 sexaginta
624 2676 754 2734 solidatas
763 2685 791 2732 et
800 2695 884 2732 unam
895 2675 1079 2732 denarrietem
1087 2675 1173 2732 annui
1183 2675 1305 2732 redditus
1314 2695 1377 2732 cum
1389 2675 1563 2752 pertinentiis
1572 2695 1634 2751 per·

433 2769 574 2846 oipiendes
589 2792 639 2849 per
651 2793 749 2830 manus
760 2781 880 2849 quatuor
895 2772 982 2829 libere
995 2773 1152 2829 tenenoium
1165 2773 1194 2828 in
1211 2773 1326 2830 Houton
1339 2773 1420 2848 juxta
1434 2771 1593 2847 Dunsteple
1604 2772 1634 2828 iu

434 2887 505 2924 com.
512 2869 660 2939 Bedeford‚
667 2871 795 2929 habenda
805 2873 834 2927 in
845 2871 938 2927 dotem
948 2871 1034 2947 ipsius
1045 2869 1080 2926 de
1090 2871 1171 2927 terris
1182 2879 1210 2926 et
1220 2871 1384 2927 tenementis
1395 2869 1526 2945 predictis
1537 2887 1635 2925 seeun-

433 2965 499 3022 dum
513 2967 605 3044 legem
619 2979 648 3026 et
661 2969 887 3028 cousuetudinem
898 2969 976 3043 regni
990 2969 1079 3024 nostri
1094 2968 1311 3041 contingentem.
1338 2967 1376 3024 Et
1389 2967 1452 3023 ideo
1463 2967 1542 3024 vobis
1556 2987 1636 3023 man·

433 3065 531 3122 damus
546 3065 621 3141 quod
640 3066 728 3122 eidem
745 3063 863 3122 imbelle
876 3074 964 3120 terres
979 3073 1008 3118 et
1021 3071 1178 3118 tenementa
1193 3063 1316 3136 predicta
1329 3063 1450 3117 liberetis
1464 3061 1592 3120 habenda
1606 3062 1634 3118 in

433 3162 527 3219 dotem
540 3163 569 3217 in
582 3162 674 3218 torma
687 3161 819 3236 predicta.
848 3160 934 3215 Teste
947 3159 1027 3232 Rege
1040 3157 1114 3231 apud
1129 3157 1278 3234 Brustvvyk
1291 3158 1338 3214 xxi
1352 3157 1396 3213 die
1412 3156 1591 3216 Novembris.

475 3257 542 3313 “Et
563 3257 774 3313 memorandum
795 3254 871 3329 quod
893 3254 947 3309 ista
970 3252 1125 3326 assignacio
1147 3253 1223 3310 fecta
1245 3253 1299 3310 fuit
1319 3272 1383 3309 oum
1397 3271 1511 3311 assensu
1525 3255 1636 3313 Thome

436 3352 557 3410 Bardolf
573 3352 623 3408 filii
643 3361 672 3410 et
690 3352 799 3409 heredis
821 3350 938 3426 predicti
962 3349 1104 3424 Hugonis.
1147 3349 1186 3406 Et
1206 3349 1278 3406 idem
1298 3350 1423 3407 Thomas
1436 3353 1513 3409 venit
1526 3353 1554 3409 iu
1569 3371 1635 3410 oan-

370 3495 373 3502 .
434 3447 547 3506 cellaria
570 3449 657 3524 Regis
678 3447 752 3526 apud
768 3447 927 3505 Eboracum
941 3445 985 3502 die
1001 3445 1133 3523 predicto,
1148 3453 1176 3501 et
1190 3447 1327 3503 concessit
1340 3457 1369 3504 et
1382 3448 1544 3522 recognovit
1557 3447 1634 3524 quod

434 3547 492 3621 ipse
506 3545 690 3622 quadraginta
703 3552 731 3600 et
745 3552 801 3600 tres
816 3541 957 3609 solidatas,
971 3561 1071 3598 novem
1083 3541 1252 3600 denarriatas
1266 3553 1295 3600 et
1308 3563 1392 3600 unam
1407 3543 1547 3600 obolatam
1560 3553 1634 3600 terre

434 3654 462 3700 et
485 3643 619 3710 redditus,
645 3662 699 3719 que
720 3642 827 3718 prefate
851 3641 968 3698 lsabelle
992 3640 1124 3698 deficiunt
1137 3640 1171 3697 de
1193 3642 1350 3700 rationabili
1373 3641 1438 3699 dote
1463 3661 1522 3709 sua,
1544 3641 1633 3698 eidem

434 3741 553 3798 lsabelle
574 3743 602 3798 in
623 3741 685 3798 loco
699 3739 866 3817 competenti
887 3738 960 3794 unde
980 3738 1041 3812 ipsa
1063 3747 1171 3812 reputet
1192 3740 1392 3796 rationabiliter
1412 3757 1442 3796 se
1463 3747 1632 3805 contentam,

434 3838 570 3913 assignari
584 3846 611 3893 et
624 3837 721 3893 heberi
734 3837 831 3892 fecerit
845 3835 956 3891 nomine
969 3832 1042 3891 dotis
1055 3834 1211 3891 tenendas.’'
1225 3839 1241 3874 *

467 3999 482 4032 *
500 4001 550 4046 Tho
562 4015 645 4048 maner
655 4002 681 4047 ot
691 4001 815 4057 Barcomb‚
827 4001 852 4045 in
864 4000 904 4046 the
915 3998 1026 4045 hundred
1043 3998 1069 4042 ol
1085 3997 1138 4043 that
1150 4013 1226 4055 nume,
1244 4013 1300 4058 rape
1316 3998 1342 4044 ol
1361 3999 1449 4054 lewes,
1461 4012 1524 4042 oom.
1537 3997 1633 4051 Susscx,

434 4097 482 4128 wne
493 4083 548 4129 held
560 4084 636 4130 ottho
649 4083 716 4128 Etrls
727 4083 754 4128 ol
767 4081 855 4142 Surrey
866 4083 897 4141 by
908 4081 949 4127 the
959 4081 1047 4126 service
1058 4078 1085 4124 ol
1099 4079 1140 4124 the
1151 4079 1230 4125 fourth
1243 4087 1297 4139 part
1313 4079 1339 4125 of
1352 4093 1398 4126 one
1410 4079 1516 4138 knight's
1526 4079 1574 4135 fiet,
1584 4077 1633 4122 and

431 4165 474 4216 tho
489 4180 542 4212 sum
559 4165 616 4211 total
633 4165 660 4210 ol
673 4165 714 4211 the
733 4169 815 4210 extent
834 4165 853 4209 is
871 4169 914 4223 put
927 4163 997 4208 down
1013 4169 1038 4208 at
1055 4161 1138 4210 xviiii.
1157 4163 1215 4210 xiis.
1229 4163 1296 4210 iiiid.
1314 4163 1344 4220 by
1361 4162 1402 4208 the
1415 4162 1502 4219 jerom,
1519 4161 1566 4204 and
1586 4173 1633 4203 wne
