3920 5022
559 541 602 600 48
918 553 1081 601 oaonrcn
1105 554 1282 601 usronou
1308 553 1353 599 ar

560 705 658 789 Regis
674 705 729 790 qui
744 728 831 771 nunc
845 717 898 773 est
912 707 982 771 xliv.
1028 707 1073 772 Et
1094 707 1194 772 Cives
1209 705 1323 771 dicunt
1344 705 1432 789 quod
1458 712 1546 769 carta
1568 703 1622 768 ille
1641 725 1712 768 non

560 809 658 874 debet
672 809 719 873 eis
733 809 848 884 valere,
865 810 1020 894 quianon
1036 821 1114 875 sunt
1133 811 1167 874 in
1190 809 1308 874 aeisina
1329 810 1370 874 de
1391 807 1502 872 multis
1518 807 1659 872 articulis
1675 809 1712 871 in

560 909 632 993 ipsa
646 912 819 990 contentis,
833 921 868 975 et
882 911 1021 976 maxime
1035 911 1124 996 quod
1138 911 1184 976 illi
1198 909 1398 996 respondent
1411 909 1445 973 in
1457 908 1610 974 omnibus
1626 931 1712 974 nun-

562 1009 648 1074 dinis
678 1011 804 1097 Anglie.
849 1013 895 1078 Et
923 1014 1161 1097 responderunt
1188 1013 1222 1076 in
1252 1012 1406 1077 nundinis
1436 1011 1547 1076 Sancti
1573 1011 1712 1088 Yvonis,

562 1111 673 1176 Sancti
689 1113 823 1192 Botulfi,
839 1113 1019 1192 Wintonie,
1033 1123 1068 1178 et
1081 1115 1206 1193 Icnne,
1228 1125 1263 1180 et
1282 1113 1476 1190 Stanfordie,
1491 1121 1524 1178 et
1539 1113 1635 1176 etiam
1658 1113 1713 1176 hic

561 1214 672 1298 partiti
686 1224 765 1279 sunt
779 1216 819 1280 de
834 1225 921 1280 carta
935 1238 1003 1295 sua,
1026 1216 1253 1302 respondendo
1275 1205 1316 1280 ad
1337 1215 1554 1280 narrationem
1570 1213 1711 1278 Civium.

563 1315 681 1382 Postea
696 1317 815 1381 lectum
830 1319 892 1382 fuit
902 1319 1071 1383 recordum
1083 1319 1181 1383 rotuli
1191 1317 1376 1396 luserint,
1385 1318 1419 1381 in
1431 1339 1495 1402 quo
1508 1315 1712 1400 specificatur

563 1417 604 1482 de
618 1439 776 1503 responso
790 1422 875 1486 facto
885 1420 1030 1486 Domino
1043 1421 1124 1506 Regi
1134 1443 1194 1508 pro
1206 1428 1397 1506 contemptu
1407 1420 1555 1484 brevium
1566 1440 1711 1496 suorum,

563 1531 674 1605 aperte
689 1531 723 1586 et
737 1522 888 1588 distincte
911 1522 1127 1586 irrotulatum.
1170 1523 1223 1587 De
1244 1523 1426 1587 narratione
1440 1542 1518 1586 vero
1533 1518 1663 1584 Civium
1678 1530 1713 1584 et

564 1643 722 1708 responso
745 1625 963 1711 Burgensium
986 1645 1101 1710 parum
1126 1632 1184 1688 aut
1207 1623 1306 1689 nichil
1328 1623 1484 1709 scriptum
1507 1632 1568 1686 est.
1613 1621 1709 1686 Cives

565 1734 674 1789 autem
696 1727 858 1806 dixerunt,
880 1726 968 1812 quod
992 1725 1054 1811 ipsi
1080 1736 1292 1792 narraverunt
1305 1747 1418 1790 versus
1432 1725 1517 1804 illos,
1537 1724 1625 1810 quod
1646 1724 1710 1809 ipsi

565 1826 687 1910 injuste
701 1829 905 1895 retinuerunt
918 1828 1037 1893 liberos
1050 1828 1200 1894 homines
1215 1848 1303 1906 suos,
1318 1835 1431 1891 contra
1444 1825 1608 1890 libertates
1624 1826 1713 1890 Lon-

566 1927 748 2008 doniarum,
769 1941 846 2016 post
868 1930 1087 2016 receptionem
1100 1929 1248 1996 brevium
1269 1931 1403 1996 Domini
1429 1930 1538 2013 Regis,
1552 1939 1587 1994 et
1600 1929 1714 1994 catalla

565 2029 784 2112 predictorum
799 2032 906 2097 adhuc
921 2033 1078 2110 detinent,
1093 2031 1181 2096 etde
1196 2032 1267 2097 aliis
1278 2031 1589 2117 transgressionibus
1599 2053 1714 2096 versus

563 2130 655 2214 ipsos
670 2143 890 2212 narraverunt,
905 2135 992 2198 unde
1007 2135 1191 2200 deteriorati
1206 2144 1327 2199 suntet
1341 2133 1519 2218 dampnum
1530 2134 1715 2199 habuerunt

565 2234 608 2298 ad
621 2233 793 2298 valentiam
810 2235 921 2300 decem
936 2235 1100 2301 librarum.
1144 2236 1197 2300 Ad
1213 2238 1300 2321 quod
1314 2236 1378 2321 ipsi
1399 2237 1639 2322 responderunt
1657 2238 1715 2314 ita,

566 2335 654 2420 quod
668 2344 793 2419 partem
809 2350 1066 2422 recognoverunt
1079 2347 1114 2403 et
1125 2347 1249 2423 partem
1265 2339 1488 2420 defenderunt,
1503 2351 1537 2405 et
1551 2343 1591 2408 de
1605 2340 1667 2405 boc
1678 2361 1714 2404 se

565 2445 695 2522 ponunt
716 2459 814 2522 super
829 2441 1000 2505 recordum
1023 2439 1262 2524 Episcoporum
1280 2453 1315 2506 et
1336 2443 1513 2523 Beronum,
1535 2443 1591 2528 qui
1614 2443 1713 2508 inter·

566 2539 699 2606 fuerunt
712 2540 768 2604 illo
783 2539 847 2619 die,
873 2550 907 2605 et
931 2550 1049 2627 petunt
1070 2540 1146 2606 inde
1167 2542 1338 2626 judicium.
1383 2546 1504 2612 Petunt
1518 2547 1615 2612 etiem
1626 2547 1714 2633 judi·

566 2643 654 2708 cium
669 2643 709 2708 de
724 2664 810 2708 nove
824 2652 911 2707 carta
927 2643 1153 2729 Burgensium,
1176 2667 1238 2730 que
1259 2647 1380 2712 nullius
1396 2647 1493 2714 debet
1511 2671 1582 2716 esse
1596 2653 1714 2717 valoris

567 2744 722 2810 adversus
737 2756 841 2811 cartas
858 2745 998 2826 Civium,
1014 2769 1093 2832 quas
1104 2749 1282 2832 proferunt,
1298 2750 1430 2831 scilicet,
1443 2762 1565 2817 cartam
1581 2754 1715 2820 Henrici

568 2849 667 2934 Regis
679 2851 825 2932 secundi,
841 2849 972 2916 Ricardi
984 2851 1092 2936 Regis,
1101 2851 1124 2916 J
1125 2852 1262 2917 ohannis
1273 2853 1382 2939 Regis,
1397 2865 1431 2919 et
1445 2865 1565 2920 certem
1578 2858 1713 2922 Domini

568 2953 668 3038 Regis
690 2954 747 3038 qui
769 2976 856 3019 nunc
878 2963 939 3033 est,
961 2963 996 3018 et
1017 2955 1105 3038 quod
1126 2953 1192 3038 ipsi
1214 2966 1293 3020 sunt
1306 2955 1340 3020 in
1356 2957 1474 3023 seisina
1498 2960 1539 3024 de
1562 2960 1715 3026 omnibus

567 3053 770 3120 libertatibus
785 3057 819 3120 in
834 3055 986 3141 predictis
1000 3057 1095 3120 cartis
1110 3059 1282 3123 contentis.

611 3156 769 3234 Tandem,
798 3155 909 3220 multia
932 3155 1193 3221 altercationibus
1215 3160 1301 3225 inter
1322 3161 1412 3247 ipsos
1436 3166 1539 3247 factis,
1567 3165 1715 3234 habitum

568 3266 619 3321 est
634 3257 828 3341 colloquium
844 3266 878 3320 et
899 3255 1068 3321 consilium
1084 3278 1191 3323 coram
1214 3261 1357 3329 Domino
1380 3265 1468 3351 Rege
1490 3291 1549 3355 per
1573 3269 1717 3336 Berones

570 3381 658 3438 suos,
673 3368 707 3423 et
720 3359 795 3442 quia
810 3359 965 3446 Episcopi
980 3372 1014 3425 et
1028 3361 1082 3426 alii
1096 3361 1152 3447 qui
1166 3362 1381 3431 interfuerunt
1390 3369 1446 3433 illo
1462 3370 1524 3450 die,
1540 3394 1603 3456 quo
1618 3373 1718 3459 placi-

569 3471 641 3526 tum
655 3461 736 3526 illud
750 3462 939 3547 placitatum
963 3463 1036 3544 fuit,
1061 3485 1128 3530 non
1142 3465 1274 3531 fuerunt
1295 3479 1473 3553 presentes,
1495 3472 1638 3556 positum
1654 3477 1716 3540 fuit

570 3563 649 3628 illud
671 3563 829 3650 judicium
844 3565 879 3629 in
904 3577 1054 3651 respectu
1068 3571 1226 3653 usquead
1249 3571 1391 3657 quinque
1417 3575 1614 3658 septimanas
1639 3589 1716 3664 post

572 3666 739 3731 Pascham.

616 3768 709 3833 Circa
719 3768 805 3833 idem
816 3779 958 3854 tempus,
969 3771 1003 3834 in
1015 3771 1267 3856 quadragesima,
1277 3773 1448 3861 Philippus
1463 3776 1503 3842 de
1516 3779 1718 3862 Boldeunde,

570 3890 657 3934 unus
686 3869 891 3935 marescallus
921 3872 1056 3936 Domini
1082 3874 1192 3959 Regis,
1217 3877 1272 3959 qui
1298 3899 1426 3965 semper
1448 3881 1718 3967 calumpnaverat,

572 3971 661 4058 quod
673 3972 770 4038 Cives
785 3973 1029 4040 Londoniarum
1045 3975 1200 4042 deberent
1209 3982 1404 4065 respondere
1415 4005 1523 4049 coram
1535 3984 1719 4053 senescallo

573 4077 682 4164 Regia,
698 4077 986 4164 quotienscumque
1001 4079 1115 4167 aliquis
1130 4081 1171 4145 de
1192 4082 1313 4148 familia
1335 4085 1432 4171 Regis
1455 4100 1665 4172 conquereret
1680 4091 1720 4156 de
