3920 5022
572 609 830 657 vrcacourruu
855 610 1142 657 uonnouraauu.
1369 595 1410 654 5³

260 772 362 844 erant,
376 783 436 849 per
450 781 564 828 omnes
589 761 763 828 comitatus
788 763 915 848 Anglie,
938 762 1121 850 precipiens
1149 761 1205 826 illa
1233 759 1409 839 observari,

261 867 358 931 simul
383 887 459 931 cum
487 865 568 944 aliis,
592 884 656 949 que
682 862 802 929 Comes
824 864 1051 944 Marescallus,
1077 863 1197 929 Comes
1227 862 1414 943 leicestrie,

261 967 431 1053 Philippus
445 965 573 1045 Basset‚
588 975 622 1030 et
638 965 737 1051 Hugo
752 965 851 1052 Bigot
865 976 975 1032 essent
985 965 1168 1052 provisuri3
1193 964 1282 1050 quod
1295 987 1413 1050 parum

263 1071 366 1136 stetit.

305 1171 433 1249 Postea,
448 1169 501 1234 die
516 1168 690 1234 Dominica
703 1169 738 1235 in
749 1169 856 1235 media
870 1169 1123 1256 quadragesima,
1145 1168 1415 1236 convenientibus

261 1273 372 1338 multis
387 1273 428 1338 de
443 1273 573 1338 civitate
582 1272 623 1336 ad
632 1293 761 1337 crucem
777 1272 888 1338 Sancti
900 1273 1003 1352 Pauli,
1015 1273 1124 1338 Maior
1133 1273 1211 1338 fecit
1224 1272 1414 1339 fidelitatem

261 1375 407 1441 Domino
430 1373 604 1452 Eduardo,
625 1381 703 1457 post
737 1373 840 1440 vitam
866 1396 980 1454 suam3
1002 1385 1037 1440 et
1064 1375 1098 1439 in
1128 1374 1270 1440 crasdno
1300 1396 1414 1442 omnes

261 1477 473 1543 Aldermanni
486 1477 522 1541 in
539 1474 726 1555 Gildhallia,
741 1485 775 1540 et
785 1475 841 1562 qui
852 1488 944 1542 erant
958 1477 1109 1544 absentes
1121 1499 1179 1564 per
1192 1477 1415 1543 infirmitatem

260 1579 296 1642 in
310 1577 462 1643 domibus
477 1599 602 1657 eorum,
617 1598 726 1641 coram
742 1577 880 1642 Maiore.
910 1578 974 1644 Dio
991 1578 1251 1645 Dominicavero
1266 1578 1415 1664 sequenti

262 1681 404 1746 universi
429 1679 579 1744 homines
601 1678 775 1744 duodecim
800 1701 959 1745 crinorum
982 1689 1017 1746 et
1041 1681 1193 1765 amplius,
1219 1681 1356 1767 quilibet
1380 1679 1415 1745 in

147 1805 151 1813 ·
261 1781 486 1858 Wardemoto‚
522 1801 629 1845 coram
666 1779 887 1846 Aldermanno
925 1801 985 1847 suo
1027 1781 1176 1847 iecerunt
1210 1781 1292 1846 illud
1327 1780 1416 1848 idem

263 1885 497 1969 juramentum.

309 1984 384 2049 Hoc
398 2005 495 2062 anno,
510 1991 586 2048 ante
602 1984 830 2065 Pentecosten,
845 1984 1001 2064 Berones,
1016 1983 1073 2071 qui
1091 1983 1287 2072 prebuerant
1308 2007 1417 2052 assen-
1429 1992 1535 2040 Bam
1544 1991 1609 2040 eut

266 2109 339 2152 sum
353 2087 395 2153 ad
410 2085 630 2153 ordinationes
645 2098 680 2152 et
693 2095 816 2153 statuta
829 2089 915 2154 facta
925 2089 1012 2173 apud
1028 2088 1192 2154 Oxoniam
1207 2087 1418 2169 observanda,
1429 2063 1616 2183 pamm

265 2191 424 2256 miserunt
438 2191 601 2276 quoddam
617 2190 727 2270 breve,
741 2189 803 2257 sub
818 2191 923 2278 sigillo
933 2191 1053 2277 Rogeri
1064 2193 1104 2258 de
1114 2191 1261 2269 Olifford,
1274 2193 1418 2258 Domino
1429 2191 1638 2300 mmm·

265 2293 356 2379 Regi,
367 2303 518 2378 petentes
532 2293 652 2378 ipsum,
672 2302 712 2358 ut
724 2293 797 2378 ipsa
811 2302 933 2358 statuta
943 2293 1043 2358 vellet
1056 2315 1266 2376 conservare3
1288 2303 1322 2360 at
1336 2295 1419 2359 diffi-
1583 2282 1591 2298 ⁸

264 2398 424 2461 daverunt
445 2417 559 2461 omnes
582 2395 668 2477 illos,
692 2395 749 2482 qui
769 2405 882 2460 contus
902 2395 950 2462 ire
969 2396 1154 2476 voluerunt,
1176 2398 1266 2462 salva
1281 2419 1422 2484 persona

265 2497 375 2584 Regis,
389 2496 512 2583 Regina
522 2507 556 2563 et
565 2496 742 2564 liberorum
755 2519 902 2564 suorum.
930 2497 1035 2578 Τιιιιο,
1051 2498 1173 2580 statim,
1182 2499 1261 2565 dicti
1275 2499 1421 2566 Berones

264 2601 486 2666 militaverunt
499 2623 575 2665 cum
590 2622 709 2686 magno
724 2602 868 2667 exercitu
883 2623 982 2687 super
996 2623 1111 2668 omnes
1120 2603 1320 2668 adversarios
1332 2625 1421 2682 suos,

264 2714 298 2770 et
312 2704 346 2769 in
360 2703 475 2789 primis
490 2703 578 2788 apud
595 2703 832 2783 Harefordiam,
847 2711 1004 2786 ceperunt
1018 2703 1208 2788 episcopum
1219 2703 1422 2783 Harefordie,

160 2797 168 2812 ⁶
265 2818 299 2872 et
313 2827 426 2871 ornnes
441 2803 614 2870 canonicos
629 2824 718 2882 suos,
729 2803 936 2888 alienigenas,
950 2812 985 2868 et
999 2801 1169 2867 thesauros
1183 2824 1297 2868 eorum
1311 2825 1421 2889 aspor-

265 2917 427 2986 taverunt,
441 2917 477 2970 et
490 2903 600 2969 omnia
615 2924 677 2988 que
691 2903 825 2968 inventa
851 2904 978 2967 suntin
992 2902 1144 2966 maneriis
1158 2903 1375 2969 vendiderunt
1389 2913 1424 2971 et

266 3013 370 3076 multa
397 3008 540 3074 maneria
569 3006 831 3073 combusserunt.
874 3006 922 3070 Et
946 3004 1062 3071 eodem
1085 3005 1184 3073 modo
1209 3007 1357 3071 fecerunt
1381 3008 1423 3074 de

267 3112 420 3179 omnibus
434 3109 598 3189 maneriis,
618 3131 677 3195 per
696 3131 760 3196 que
774 3107 950 3174 transitum
965 3110 1122 3190 feceruut,
1137 3108 1269 3190 scilicet,
1283 3110 1423 3191 illorum,

268 3214 324 3299 qui
338 3212 394 3276 illa
415 3220 537 3276 statuite
557 3211 732 3297 iufringere
752 3210 952 3290 nitebantur,
974 3221 1042 3276 tam
1064 3210 1208 3276 virorum
1231 3211 1424 3278 ecclesimti·

267 3338 380 3383 corum
395 3336 491 3400 quam
512 3315 670 3394 aliorum3
693 3323 727 3380 et
741 3313 839 3379 ctiam
854 3314 890 3378 in
904 3313 1048 3380 ecclesiis
1064 3314 1133 3378 suis
1154 3336 1259 3383 noros
1279 3325 1423 3382 rectores

269 3427 463 3496 statuerunt,
486 3425 521 3480 et
536 3415 676 3479 maxime
695 3415 731 3479 in
750 3415 894 3480 ecclesiis
915 3415 1178 3500 alienigenarum,
1199 3415 1281 3481 nulli
1304 3417 1423 3483 moles·

267 3520 348 3584 tiam
364 3518 541 3583 inferentes
561 3525 679 3602 praeter
699 3515 891 3581 adversariis
912 3516 991 3596 suis,
1015 3516 1074 3582 sed
1094 3515 1221 3582 firmam
1236 3539 1350 3604 pacem
1365 3518 1424 3584 ob-

267 3631 444 3689 servantes.
489 3619 641 3698 Castslla,
655 3641 745 3698 vero,
769 3618 906 3684 Domini
921 3620 1019 3705 Regis
1039 3628 1073 3685 et
1094 3619 1232 3686 aliorum
1247 3621 1424 3706 capientes,

266 3729 302 3792 in
327 3726 375 3791 eis
397 3746 500 3790 novos
525 3722 783 3790 constabularios
809 3731 1010 3808 posuerunt3
1032 3745 1115 3808 quos
1139 3744 1254 3789 omues
1278 3725 1425 3791 fecemnt

264 3831 372 3914 jurare
397 3827 586 3892 fidelitatem
609 3826 756 3892 Domino
780 3825 872 3912 Regi,
893 3835 928 3891 et
950 3847 1079 3912 semper
1104 3826 1259 3892 vexillum
1288 3828 1425 3894 Domini

270 3931 368 4014 Regis
388 3951 497 3996 coram
523 3953 558 3996 se
583 3930 781 3996 detulerunt.
828 3930 957 4009 Postea,
982 3929 1143 3995 miserunt
1166 3929 1265 3996 breve
1288 3930 1425 3998 Civibus

271 4031 515 4096 Londoniarum
530 4031 614 4096 circa
628 4032 749 4096 festum
765 4031 876 4096 Sancti
891 4031 1066 4109 Johannis,
1087 4032 1148 4096 sub
1164 4032 1268 4117 sigillo
1283 4031 1426 4098 Simonis

270 4134 311 4198 de
326 4133 445 4197 Monte
460 4132 561 4212 Forti,
577 4131 716 4198 Comitis
732 4131 919 4210 Leicestrie,
938 4132 1086 4198 volentes
1097 4133 1263 4200 certificari
1279 4135 1321 4200 ab
1336 4135 1428 4221 ipsis,
