3920 5022
552 563 594 635 70
910 573 1071 622 cncnrcn
1095 575 1269 620 unionum
1294 577 1339 620 ar

593 729 687 794 'ltine
700 724 867 812 temporis,
882 725 965 791 circa
978 725 1099 790 festum
1114 723 1257 790 Simonis
1277 733 1310 789 et
1335 725 1433 804 Jude,
1444 725 1611 812 provisum
1624 722 1700 802 fuit,

551 831 638 917 quod
647 841 712 896 tres
724 828 881 915 Episcopi
889 829 1029 893 fuissent
1038 826 1142 907 electi,
1155 826 1272 912 quibus
1283 828 1440 893 daretura
1454 827 1599 892 Domino
1612 827 1699 910 Rege

550 943 585 998 et
599 931 782 996 Batonibus
796 931 892 1018 plena
906 939 1053 1016 potestas
1075 930 1254 1014 corrigendi
1268 928 1500 995 rationabiliter
1514 950 1628 996 omnes
1648 928 1699 990 in-

547 1032 648 1119 jurias
655 1031 799 1098 Eccleaie
808 1033 908 1097 factas
922 1031 957 1094 in
971 1051 1099 1116 regnos
1111 1029 1235 1095 Pascha
1245 1052 1331 1094 anno
1340 1029 1476 1095 Domini
1492 1027 1699 1094 M⁰CC⁰LX⁰

550 1134 647 1200 tertio
661 1135 817 1220 usquead
835 1132 976 1198 eundem
991 1141 1142 1217 tempua3
1164 1131 1252 1216 quod
1262 1131 1393 1216 quidem
1408 1131 1552 1195 Berones
1562 1131 1598 1194 in
1612 1129 1700 1195 bona

550 1236 614 1301 fide
626 1242 867 1310 concesseruut,
881 1242 916 1298 et
924 1254 982 1318 per
996 1231 1120 1297 litteras
1131 1254 1242 1298 eorum
1259 1242 1407 1317 patentes
1416 1232 1698 1298 confirmaverunt.

552 1335 634 1402 Etsi
650 1337 722 1423 quia
737 1337 839 1402 nollet
853 1358 913 1422 per
927 1335 1032 1402 dictos
1047 1334 1232 1420 Episcopos
1244 1335 1426 1421 justificari,
1440 1332 1700 1401 excommunica·

549 1447 638 1504 retur
652 1448 686 1503 et
699 1460 758 1524 per
772 1447 969 1523 potestatem
982 1437 1098 1502 laicam
1113 1438 1155 1503 ad
1178 1437 1431 1503 satisfactionem
1444 1435 1597 1502 veniendi
1610 1457 1700 1500 oom-

549 1540 744 1625 pelleretur;
766 1546 799 1603 et
813 1547 892 1604 tunc
906 1539 1074 1625 provisum
1094 1539 1157 1604 fuit
1171 1540 1259 1624 quod
1278 1539 1325 1604 illi
1340 1538 1497 1626 Episcopi
1512 1537 1700 1624 colligerent

549 1663 664 1706 omnes
674 1639 781 1705 exitus
795 1639 1027 1705 beneficiorum
1042 1638 1304 1725 alienigenarum,
1329 1640 1385 1725 qui
1399 1640 1574 1705 extiterant
1588 1647 1700 1704 contra

549 1743 751 1830 provisiones
767 1739 1035 1820 Oxonie,etillos
1048 1739 1138 1804 selvo
1150 1739 1361 1825 deponerent,
1370 1740 1474 1806 donee
1483 1741 1699 1826 pexinregno

548 1844 676 1932 plenius
692 1843 791 1908 fuerit
801 1841 1001 1908 confirmata.

593 1945 857 2023 Memorandum,
872 1944 961 2029 quod
984 1943 1129 2008 'l'homaa
1152 1943 1240 2008 filius
1254 1943 1392 2024 lbome,
1407 1944 1463 2031 qui
1488 1966 1574 2010 anno
1588 1945 1699 2030 elapso

549 2051 670 2116 electus
681 2048 744 2114 fuit
759 2047 877 2126 Maior,
892 2046 969 2112 lieet
983 2067 1050 2112 non
1064 2047 1163 2112 fuerit
1177 2046 1350 2126 admissus,
1364 2058 1474 2113 umen
1496 2047 1651 2113 remansit
1664 2046 1700 2111 in

548 2151 666 2216 bellive
680 2170 738 2234 per
752 2157 859 2213 totum
874 2171 1015 2228 annum;
1039 2158 1089 2213 aet
1103 2148 1203 2213 nichil
1217 2148 1404 2234 placitatum
1418 2150 1482 2214 fuit
1494 2150 1529 2214 in
1544 2150 1599 2215 illo
1614 2171 1701 2214 anno

549 2252 590 2316 de
615 2248 742 2335 placitis
765 2257 934 2329 terrerum,
958 2251 1022 2315 nisi
1036 2250 1077 2316 de
1102 2249 1294 2327 intrusione,
1319 2251 1416 2316 etde
1441 2251 1567 2336 placitis
1589 2272 1702 2335 quere·

549 2353 669 2431 monie,
684 2372 747 2436 que
761 2351 927 2435 pertinent
940 2352 982 2415 ad
1007 2351 1136 2429 assises,
1152 2372 1213 2414 nec
1226 2351 1330 2415 ullum
1355 2352 1545 2436 bustingum
1571 2360 1700 2416 tentum

549 2455 622 2520 fuit.
668 2453 719 2518 Ite
731 2452 819 2538 quod
834 2452 911 2516 ioris
923 2452 1066 2517 affidetio
1081 2452 1171 2516 nulla
1185 2452 1226 2516 de
1241 2453 1438 2517 tenementis
1453 2453 1537 2518 fecta
1552 2452 1624 2531 fuit,
1639 2475 1700 2519 nec

548 2558 653 2622 ullum
679 2563 911 2620 testamentum
940 2553 1125 2639 probatum.
1171 2553 1238 2620 Qui
1262 2575 1339 2619 vero
1363 2555 1506 2619 Thomas
1529 2556 1592 2621 hoo
1614 2575 1700 2621 anno

548 2656 666 2722 iterum
678 2655 799 2722 electus
814 2666 865 2721 est
873 2655 982 2721 Maior
996 2655 1032 2720 in
1046 2656 1131 2720 festo
1144 2655 1286 2722 Simonis
1297 2666 1332 2722 et
1351 2657 1494 2736 Jude,et
1507 2659 1543 2722 in
1558 2657 1699 2724 crastino

549 2781 569 2823 a
583 2759 671 2844 Rege
686 2757 860 2824 admissus.

593 2860 668 2926 Hoc
682 2881 769 2924 anno
783 2859 951 2945 provisum
966 2859 1065 2925 estin
1081 2860 1259 2947 Huatingo,
1272 2860 1308 2925 in
1325 2859 1476 2926 Crastino
1499 2861 1702 2942 Animarum,

549 2960 637 3046 quod
652 2981 766 3026 omnes
779 2981 941 3040 mensure,
952 2960 1070 3046 quibus
1079 2963 1203 3041 vinum,
1214 2961 1358 3043 cervisia,
1369 2972 1403 3027 et
1413 2962 1467 3027 alii
1475 2963 1615 3048 liquores
1623 2985 1702 3028 ven-

551 3062 680 3141 dentur,
696 3063 763 3126 sint
777 3063 874 3126 unius
889 3061 1090 3146 quantitatis,
1104 3063 1151 3126 ite
1165 3063 1253 3147 quod
1262 3063 1386 3149 apertio
1400 3063 1524 3148 galonis
1539 3067 1704 3130 contineat

550 3173 778 3227 extrensrerso
793 3171 931 3246 quatuor
945 3163 1077 3248 polieea.

593 3263 721 3327 Eodem
736 3262 789 3326 die
813 3272 972 3328 statutum
996 3264 1059 3329 fuit
1082 3275 1117 3330 et
1141 3263 1309 3352 provisum
1330 3287 1371 3330 ne
1391 3266 1506 3352 aliquis
1527 3270 1703 3334 advocatus

551 3365 667 3428 fuisset
681 3362 864 3429 essoinetor
874 3365 909 3429 in
924 3365 1093 3452 Hustingo
1108 3389 1213 3452 neque
1223 3365 1260 3430 in
1275 3367 1345 3432 aliis
1361 3370 1459 3434 curiis
1476 3369 1639 3435 Civitatis.

594 3465 670 3530 Hoc
684 3488 783 3545 anno,
797 3467 881 3533 circe
895 3467 1047 3549 Natbele,
1064 3470 1208 3534 Berones
1233 3469 1381 3534 Marchie
1395 3467 1525 3546 Wallie,
1540 3467 1595 3551 qui
1610 3474 1705 3530 antee

551 3567 748 3631 adheserunt
775 3568 856 3652 Regi
870 3579 905 3633 et
928 3569 1061 3635 suerunt
1075 3593 1150 3636 cum
1166 3593 1205 3636 eo
1228 3570 1263 3634 in
1280 3571 1434 3636 conflictu
1448 3569 1488 3632 de
1512 3567 1647 3645 Liewes,
1670 3575 1705 3630 et

551 3676 666 3753 postea
680 3666 902 3732 militaverunt
927 3691 1002 3734 cum
1017 3692 1135 3756 magno
1159 3671 1303 3735 exercitu
1317 3670 1352 3733 in
1376 3669 1520 3753 predicte
1546 3667 1706 3759 Marchie‚

551 3765 797 3851 depredationes
812 3776 847 3832 et
857 3768 960 3831 multe
974 3770 1058 3832 mala
1072 3769 1237 3847 facientes,
1260 3769 1476 3834 veneruntad
1489 3790 1602 3853 pacem
1617 3769 1704 3853 apud

553 3867 797 3946 Glouverniam,
821 3867 1036 3932 existentibus
1057 3869 1105 3934 ibi
1131 3869 1276 3933 Domino
1304 3870 1392 3954 Rege
1415 3880 1450 3935 et
1465 3869 1649 3936 Comitibua
1664 3871 1706 3934 de

552 3968 729 4034 Leicestria
743 3978 777 4034 et
791 3971 831 4034 de
848 3970 1047 4035 Glouvernie
1062 3981 1096 4036 et
1110 3969 1222 4035 multis
1236 3971 1307 4035 eliis
1322 3971 1497 4038 nobilibus.
1553 3972 1703 4039 Quorum

552 4092 629 4135 vero
644 4069 775 4155 quidam
790 4071 934 4136 Berones
955 4071 1099 4138 Berones
1115 4071 1345 4157 abjuraverunt
1359 4095 1492 4160 regnum
1516 4073 1632 4160 Anglie
1646 4094 1705 4158 per

553 4195 655 4238 unum
677 4195 798 4239 annum
824 4184 858 4238 et
872 4195 974 4238 unum
993 4174 1090 4256 diem,
1115 4176 1192 4240 ituri
1207 4175 1241 4240 in
1257 4176 1390 4242 exilium
1404 4177 1439 4242 in
1456 4177 1658 4256 Hiberniam,
1672 4185 1706 4240 et
