3856 5038
432 558 494 622 xcii
940 584 1115 628 nnsrncn.

432 729 588 788 Burstwick
598 731 627 788 in
640 731 840 801 Holdernesse‚
852 753 904 792 one
918 735 952 792 ol
963 735 1010 794 the
1024 735 1103 792 chief
1113 736 1255 792 mensione
1269 733 1302 792 oi
1312 731 1361 791 the
1374 731 1451 790 lords
1465 731 1499 789 oi
1511 731 1637 789 Holder-

431 846 520 896 nesse,
541 828 597 884 end
618 828 685 886 then
708 830 861 906 belonging
880 840 910 889 to
931 831 979 890 the
997 831 1183 899 eroumsiter
1203 831 1251 888 the
1273 831 1388 890 deceese
1410 829 1444 888 ol'
1460 827 1582 887 Issbells
1600 827 1636 884 de

433 924 573 991 Fortibus,
589 925 728 984 Countess
743 927 776 984 of
789 928 910 986 Aumsle
924 929 979 987 and
995 929 1106 997 Dorou,
1130 929 1212 1008 Lady
1226 929 1260 986 of
1270 927 1461 986 Hcldcrnesse
1476 925 1531 983 und
1545 924 1578 982 of
1589 924 1636 980 the

432 1021 488 1079 Isle
504 1022 537 1078 oi
549 1021 659 1100 Wight,
675 1024 713 1103 by
728 1044 826 1082 resson
841 1026 875 1082 oi
893 1027 941 1084 the
954 1027 1104 1085 extinction
1120 1027 1153 1084 of
1167 1026 1215 1084 the
1228 1026 1284 1084 line
1298 1024 1333 1082 of
1341 1025 1378 1081 its
1392 1023 1504 1082 ancient
1516 1021 1593 1079 lords
1607 1022 1636 1077 in

408 1161 411 1164 -
431 1117 483 1176 ber
497 1137 608 1193 person.

473 1225 490 1252 “
502 1215 641 1274 Omnibus
656 1216 762 1276 Christi
776 1218 905 1278 fidelibus
928 1219 982 1278 hoc
1006 1239 1119 1296 presens
1143 1220 1277 1296 scripturn
1304 1217 1407 1276 visiuis
1427 1216 1473 1273 vel
1499 1213 1636 1272 audituris

433 1312 559 1381 lsebelle,
581 1314 722 1390 quondum
743 1333 814 1373 uxor
837 1317 970 1393 Hugonis
990 1316 1117 1384 Burdolf,
1139 1317 1256 1374 sulutem
1277 1317 1305 1371 in
1325 1315 1449 1372 domino.
1493 1309 1636 1369 Noveritis

432 1429 477 1467 me
497 1413 675 1480 concessisse,
698 1413 846 1484 remisisse,
861 1415 1002 1472 relaxasse
1021 1422 1052 1472 et
1073 1415 1185 1471 omnino
1199 1413 1324 1489 quietum
1338 1411 1472 1470 clamasse
1485 1427 1536 1486 pro
1549 1427 1594 1465 me
1608 1417 1637 1464 et

432 1507 583 1565 heredibus
602 1509 671 1564 meis
686 1509 887 1586 imperpetuum
901 1510 1133 1568 excellentissimo
1151 1509 1269 1587 principi
1285 1509 1408 1566 Domino
1425 1505 1565 1564 Eduardo
1580 1503 1636 1562 Dei

430 1605 521 1678 gratia
536 1604 608 1681 Regi
624 1606 728 1682 Anglie
742 1607 843 1664 illustri
856 1615 947 1664 totum
957 1608 1005 1683 jus
1019 1617 1047 1666 et
1061 1607 1201 1674 clumium‚
1216 1626 1271 1683 que
1285 1605 1370 1664 hebui
1384 1605 1428 1663 vel
1442 1602 1635 1678 aliquomodo

430 1701 533 1759 hebere
546 1703 623 1778 potui
637 1703 666 1759 in
680 1704 810 1762 maneriis
824 1704 859 1762 de
873 1706 1008 1763 Wettonn
1021 1707 1050 1762 in
1064 1706 1199 1763 comitutu
1214 1702 1388 1768 Hertfordie,
1405 1700 1591 1776 Hedingtone
1604 1699 1634 1756 in

430 1799 563 1856 comitutu
586 1799 705 1869 Suri-eie,
719 1811 748 1858 et
763 1801 949 1860 Emlesworth
972 1803 1000 1860 in
1021 1804 1155 1860 comitatu
1176 1800 1389 1866 Suthhuntonie,
1412 1807 1441 1856 et
1462 1815 1559 1855 sonim
1573 1815 1636 1872 per-

429 1896 553 1953 tinentiis
567 1917 621 1973 que
636 1907 700 1955 sunt
714 1898 748 1956 de
762 1899 914 1957 hereditate
927 1909 1031 1958 menet
1045 1901 1080 1958 de
1097 1900 1221 1977 predicto
1243 1898 1323 1973 Rege
1337 1905 1467 1954 tenentur
1487 1897 1516 1952 in
1537 1896 1635 1972 eapite,

431 2013 485 2070 que
507 1994 619 2071 quidem
639 1997 762 2053 maneria
783 1999 811 2053 in
834 2015 917 2054 manu
936 1997 1060 2073 ejusdem
1082 1996 1187 2054 domini
1210 1995 1297 2071 Regis
1318 2013 1368 2070 per
1391 2001 1509 2050 mortem
1535 1991 1635 2069 prefati

432 2090 574 2166 Hugonis,
589 2091 730 2166 quondam
744 2092 796 2149 viri
810 2094 874 2160 mei,
888 2094 1017 2150 existant.
1048 2095 1082 2150 In
1097 2093 1178 2168 cujus
1195 2093 1234 2150 rei
1248 2091 1437 2149 testimonium
1451 2089 1517 2146 huic
1532 2089 1635 2166 scripto

429 2187 554 2263 sigillum
574 2207 666 2245 meum
688 2192 814 2265 apposui.
858 2190 922 2247 Hiis
937 2192 1063 2258 testibus,
1078 2190 1228 2248 venerabili
1249 2198 1329 2265 patre
1344 2184 1506 2267 W(sltero)
1523 2187 1634 2245 Coven-

429 2285 515 2341 trensi
538 2293 567 2342 et
588 2285 786 2364 Lychfeldensi
810 2269 958 2365 Episcopo,
985 2287 1115 2345 Dominis
1139 2287 1264 2344 Henrico
1285 2286 1319 2343 de
1340 2285 1420 2363 any
1442 2285 1589 2342 Lincolnie
1607 2293 1637 2340 et

431 2381 576 2439 Hunfrido
598 2383 631 2440 de
654 2383 755 2440 Bohun
781 2384 947 2442 Heresordie
968 2393 996 2442 et
1019 2385 1135 2442 Essexie
1160 2383 1317 2450 comitibus,
1338 2382 1469 2441 Johunne
1491 2380 1579 2439 Lovel
1601 2381 1636 2437 de

431 2478 621 2549 Tichemersb‚
636 2478 766 2538 Johenne
781 2481 815 2538 de
830 2481 972 2548 Ferrariis,
989 2482 1137 2540 Edmundo
1152 2482 1186 2539 de
1203 2481 1356 2548 Malolucu
1378 2489 1407 2537 et
1427 2478 1580 2536 Eustachio
1601 2479 1635 2536 de

431 2576 548 2634 Hacche
561 2576 704 2644 militibus,
715 2586 744 2634 et
757 2577 818 2634 aliis
830 2577 946 2634 Domini
960 2577 1045 2652 Regis
1057 2578 1173 2653 predicti
1187 2577 1314 2636 fidelibus
1326 2586 1392 2634 tunc
1406 2577 1444 2634 ibi
1455 2577 1635 2653 presentibus.

431 2673 538 2730 Datum
552 2673 627 2750 apud
644 2672 792 2751 Brustwylr
807 2675 865 2730 xxi⁰
878 2674 922 2730 die
935 2675 1038 2732 mensis
1054 2674 1231 2742 Novembris,
1245 2693 1319 2731 enno
1334 2674 1412 2750 regni
1426 2674 1531 2730 domini
1547 2673 1635 2748 Regis

433 2769 548 2845 predicti
563 2769 701 2827 tricesimo
716 2770 800 2828 tertio
815 2768 868 2848 (21
887 2769 963 2830 Nov.
982 2766 1086 2848 1304.)

473 2866 540 2925 “Et
553 2868 761 2925 memorandum
783 2868 859 2943 quod
880 2868 986 2945 prefate
1001 2868 1121 2926 lsebellu
1135 2869 1253 2925 venitin
1270 2867 1444 2925 Cancellerie
1460 2865 1547 2941 Regis
1560 2865 1635 2941 epud

430 2961 589 3021 Eboracum
603 2963 735 3020 vicesimo
750 2973 827 3021 sexto
841 2964 885 3021 die
901 2963 1078 3033 Novembris,
1098 2972 1128 3022 et
1148 2964 1310 3039 recognovit
1331 2963 1465 3038 scriptum
1479 2961 1634 3037 predictum

426 3067 456 3116 et
470 3059 563 3116 omniu
576 3061 605 3115 in
619 3079 651 3116 eo
666 3067 796 3116 contentu
811 3061 838 3115 in
852 3060 944 3116 forma
959 3057 1144 3135 supradicte-’⁹
1512 3075 1515 3082 ·

471 3153 518 3210 On
533 3154 581 3210 the
597 3153 717 3211 Cherter
733 3153 800 3210 Roll
815 3155 854 3209 33
870 3154 950 3210 Edw.
964 3154 988 3210 l.
1001 3173 1040 3210 m.
1057 3156 1082 3210 l.
1097 3155 1120 3210 is
1136 3151 1183 3208 the
1196 3152 1342 3224 following
1360 3169 1431 3227 copy
1446 3150 1479 3207 of
1494 3170 1511 3207 e
1524 3151 1636 3210 charter

427 3249 534 3307 heeded
550 3249 608 3305 Pro
622 3248 743 3306 leubellu
757 3268 811 3324 que
824 3249 880 3306 fuit
892 3267 963 3305 uxor
980 3249 1112 3324 Hngonis
1128 3246 1249 3306 Bardolf
1259 3255 1288 3304 et
1300 3245 1445 3303 Willelmo
1459 3246 1516 3304 filio
1530 3249 1601 3324 ejus.

472 3345 564 3401 “Rex
580 3343 815 3421 Archiepiscopis,
831 3349 882 3403 &c
898 3346 1024 3403 salutern.
1075 3345 1175 3403 Sciatis
1203 3343 1279 3421 quod
1303 3363 1367 3402 cum
1394 3362 1445 3402 nos
1473 3364 1562 3421 nuper
1585 3365 1636 3423 per

431 3450 551 3498 mortem
570 3440 704 3518 Hugonis
725 3441 846 3500 Burdolf
861 3443 994 3510 defuncti,
1018 3443 1065 3520 qui
1080 3444 1113 3501 de
1128 3444 1209 3501 nobis
1223 3443 1313 3500 tenuit
1325 3443 1354 3498 in
1369 3441 1467 3517 capite,
1481 3443 1635 3499 manerium

429 3537 464 3595 de
478 3537 597 3594 Wetton
611 3556 673 3595 cum
688 3538 859 3614 pertinentiis
875 3540 901 3596 in
918 3541 1050 3598 comitatu
1065 3539 1239 3609 Hertfordie‚
1258 3540 1414 3598 manerium
1428 3539 1463 3595 de
1478 3538 1635 3616 Adyngton

431 3653 496 3691 cum
510 3633 684 3712 pertinentiis
699 3634 726 3689 in
742 3635 873 3692 comitatu
890 3636 1013 3702 Surreie,
1035 3647 1064 3694 et
1076 3637 1230 3695 manerium
1245 3637 1280 3693 de
1295 3635 1480 3694 Emlesworth
1495 3655 1558 3692 cum
1572 3655 1635 3712 per·

427 3807 523 3866 Ceston,
534 3811 582 3856 end
595 3811 620 3858 oi
636 3809 717 3856 Simon
736 3811 766 3856 de
783 3812 920 3870 (lavernam,
932 3815 956 3858 in
973 3814 1015 3859 the
1032 3814 1072 3858 vill
1091 3815 1117 3859 oi
1132 3813 1248 3860 Tunstnll.
1284 3813 1335 3859 The
1347 3813 1427 3872 family
1439 3812 1465 3858 ci
1473 3811 1560 3858 Ceston
1573 3827 1635 3860 were

425 3895 522 3948 petrone
538 3889 564 3934 ol
579 3890 620 3934 the
637 3890 770 3937 udvowson.
805 3891 854 3937 The
872 3893 998 3938 ndvowson
1017 3893 1043 3938 oi
1058 3895 1098 3941 the
1116 3895 1205 3940 church
1223 3894 1250 3940 ol*
1266 3894 1342 3941 North
1362 3893 1510 3954 Birliughem
1530 3909 1577 3940 wne
1594 3909 1634 3940 ex-

426 3971 534 4030 ohnnged
552 3971 581 4030 by
593 3969 700 4016 William
719 3971 782 4016 Lord
797 3973 896 4018 Barduli
911 3975 968 4019 with
988 3975 1029 4020 tlte
1046 3977 1111 4034 prior
1126 3977 1174 4021 und
1194 3977 1280 4022 monlns
1298 3976 1325 4021 ol
1342 3976 1474 4022 Cestlenore
1490 3975 1525 4022 lor
1542 3976 1594 4020 thot
1611 3975 1637 4021 oi

429 4052 576 4113 Woetbriggs
593 4053 618 4098 in
637 4053 746 4110 Noricus,
765 4053 905 4100 13thEdw.
920 4056 1158 4114 1.,1285,0tw1ncn
1178 4060 1219 4105 the
1230 4059 1388 4119 presentation
1409 4059 1529 4104 remnined
1548 4059 1571 4102 in
1589 4058 1637 4103 this

428 4134 510 4193 family
522 4134 584 4180 until
601 4135 642 4181 the
653 4136 721 4196 reign
733 4136 759 4181 ol
771 4135 853 4195 Henry
863 4137 904 4183 the
917 4137 1018 4185 Fonrtb.
