3930 5088
535 627 792 676 vrcacourruu
818 629 1104 676 uouuoursuuu.
1332 614 1391 686 167

243 779 499 860 Londoniarum,
511 779 661 846 alutem.
693 778 947 866 Supereoqnod
959 781 992 845 in
1004 781 1154 846 absencia
1168 790 1289 862 nostra,
1300 791 1392 867 post-
1404 798 1587 862 seuram

242 904 340 966 quam
359 883 399 947 de
417 882 563 968 partibus
581 881 697 966 Anglie
717 883 922 962 recessimus,
936 882 1019 948 bene
1039 893 1073 947 et
1091 881 1229 948 fideliter
1242 904 1317 969 erga
1330 906 1391 950 nor
1403 864 1574 990 &dm

241 993 278 1051 et
292 995 421 1050 nocuos
432 1006 491 1049 vos
506 983 677 1062 habuistis,
691 992 797 1070 gretes
812 983 908 1049 nobis
924 985 1044 1049 scimus
1059 985 1225 1070 speciales,
1240 996 1274 1050 et
1288 986 1392 1070 speci·
1403 993 1515 1040 eamus
1527 943 1614 1068 dig

243 1089 337 1154 eliter
350 1097 478 1174 gratum
493 1088 662 1166 babemus,
676 1087 775 1173 quod,
791 1096 829 1152 ut
842 1089 1037 1174 accepimus,
1052 1090 1229 1155 adveutum
1243 1099 1392 1155 nostrum
1405 1058 1598 1179 mbr?

242 1193 278 1257 in
292 1192 442 1277 Angliam
463 1191 738 1277 quamplurimum
758 1191 957 1257 desideratis.
1001 1192 1116 1273 Vobis,
1131 1193 1286 1278 rogando,
1301 1215 1393 1258 man·
1405 1187 1613 1314 ffissffi

244 1293 370 1373 dantes,
385 1293 550 1378 quatinus,
565 1292 661 1357 sicuti
675 1292 843 1357 retroactis
858 1293 1060 1378 temporibus
1074 1293 1158 1360 bene
1166 1316 1226 1360 vos
1237 1295 1394 1380 gessistis,
1403 1315 1498 1379 ,nrm

243 1395 289 1459 ita
314 1395 349 1458 in
372 1395 519 1459 futurum
541 1394 583 1459 sd
608 1393 741 1459 honoris
766 1394 871 1459 nostri
896 1404 931 1459 et
950 1395 1050 1460 vestri
1073 1396 1321 1476 incrementum,
1334 1418 1395 1460 vos

244 1498 364 1563 habere
384 1496 552 1576 studeatis,
567 1505 604 1561 nt
618 1495 713 1561 nobis
730 1496 807 1562 inde
828 1498 934 1562 honor
953 1508 1113 1564 accrescat
1127 1507 1162 1563 et
1176 1500 1394 1575 commodum,

242 1611 280 1666 et
293 1600 336 1665 sd
348 1599 455 1685 grates
470 1599 626 1684 speciales
639 1609 817 1665 teneamur.
861 1601 986 1665 Datum
1001 1602 1088 1687 apud
1102 1602 1214 1682 Boret,
1227 1601 1327 1687 xxviij
1343 1601 1395 1666 dic

246 1698 437 1765 Decembris
452 1721 539 1765 anno
553 1699 644 1785 regui
658 1700 762 1765 nostri
777 1702 933 1766 secundo.

291 1802 419 1880 Postea,
445 1800 497 1866 die
522 1801 759 1887 Apostolorum
784 1801 928 1887 Philippi
951 1811 986 1866 et
1009 1800 1137 1882 Jacobi,
1160 1802 1196 1867 in
1221 1802 1397 1869 Gildbellia

245 1905 328 1970 lecte
342 1906 475 1969 fuerunt
488 1903 595 1968 littere
609 1904 689 1969 dicti
704 1904 839 1969 Domini
854 1905 953 1990 Regia
968 1902 1101 1970 subhac
1115 1906 1230 1971 forms.

290 2007 482 2086 Edwardus,
497 2005 561 2072 Dei
568 2007 670 2092 gratia
680 2007 751 2071 Rex
767 2007 894 2092 Anglie,
904 2007 1067 2074 Dominus
1084 2009 1252 2089 Hibernie,
1268 2017 1302 2074 et
1316 2010 1395 2074 Dux

244 2108 451 2195 Aquitannie,
465 2106 591 2173 dilectis
605 2107 669 2173 sibi
684 2106 814 2187 Maiori,
827 2107 1024 2187 Beronibus,
1033 2118 1067 2174 et
1079 2109 1192 2195 probis
1207 2109 1395 2176 hominibus

247 2212 315 2276 suis
340 2211 596 2290 Londoniarum,
612 2211 760 2277 salutem.
804 2211 857 2276 Ex
876 2212 1080 2297 quorundam
1101 2211 1249 2278 fidelium
1267 2223 1396 2279 nostro-

244 2335 319 2378 rum
341 2312 445 2378 relatu
467 2311 596 2398 planius
618 2311 849 2393 intelleximus,
876 2312 964 2397 qnod
990 2321 1104 2378 contre
1133 2312 1395 2399 solempnitatem

243 2414 465 2481 coronationis
496 2423 620 2495 nosne,
654 2426 754 2501 prout
778 2415 864 2502 regie
896 2414 1045 2501 dignitati
1074 2425 1108 2481 et
1136 2416 1254 2481 honori
1282 2427 1395 2483 nostro

246 2518 350 2604 magis
375 2518 548 2584 convenire
573 2517 714 2598 creditis,
740 2518 956 2585 diversimode
978 2519 1176 2605 preparatis3
1207 2541 1305 2606 super
1330 2542 1395 2606 quo

243 2631 353 2707 gretes
368 2630 402 2686 et
424 2620 543 2706 gratias
557 2619 650 2685 vobis
673 2620 853 2699 referimus,
873 2642 954 2706 quas
969 2619 1137 2686 debemus.
1180 2621 1304 2687 Verum
1320 2623 1395 2708 quia

243 2745 322 2787 oum
337 2721 531 2808 quibusdam
557 2719 707 2786 Civitatis
729 2731 842 2786 nostre
868 2722 1013 2806 predicte
1038 2723 1073 2785 in
1087 2723 1238 2807 proximo
1253 2723 1395 2788 adventu

245 2833 359 2889 nostm
375 2822 527 2900 Parisius,
542 2821 597 2906 qui
612 2831 681 2886 erat
699 2822 816 2887 alecto
832 2821 1040 2886 Pentecostes
1054 2822 1090 2886 in
1105 2831 1171 2886 tres
1186 2823 1395 2907 septimanas,

244 2926 363 2991 babere
385 2926 539 2990 volumus
562 2922 757 3009 colloquium
785 2923 934 3008 speciale,
964 2922 1057 2988 vobis
1080 2924 1284 3003 mandamus,
1306 2926 1395 3010 quod

243 3039 386 3113 quatuor
404 3026 445 3090 de
465 3024 708 3091 discretioribus
732 3022 868 3090 Civibus
881 3023 999 3088 vestris
1024 3024 1066 3089 sd
1091 3045 1153 3089 nos
1178 3025 1300 3090 ibidem
1315 3036 1395 3091 tuuc

245 3126 396 3193 mittatis.
440 3126 513 3191 Nos
528 3126 627 3202 enim,
642 3125 785 3211 perlecto
800 3124 932 3210 negotio
945 3133 1059 3190 nostro
1073 3125 1206 3207 ibidem,
1220 3126 1262 3191 ad
1276 3137 1395 3193 terram

246 3238 392 3294 nostram
411 3228 570 3294 divertere
593 3228 816 3313 proponimus,
831 3227 904 3293 Deo
920 3227 1028 3293 darrte.
1073 3228 1271 3294 Mandamus
1296 3229 1395 3296 etiam

246 3330 340 3397 vobis
356 3331 443 3416 quod
462 3352 575 3416 pacem
590 3340 624 3396 et
637 3329 902 3416 tranquillitatem
917 3339 952 3394 et
972 3330 1103 3415 justicie
1118 3333 1395 3418 complementum

244 3435 281 3499 in
305 3433 445 3499 Civitate
468 3432 612 3519 predicta
636 3433 771 3499 firmiter
797 3431 962 3500 observari
989 3433 1125 3500 {mistis
1170 3437 1295 3502 Datum
1311 3437 1395 3502 Bur·

245 3537 392 3624 dagaliis,
406 3535 439 3622 iij
453 3535 505 3600 die
518 3535 651 3620 Aprilis,
665 3556 750 3600 anno
765 3534 856 3621 regni
871 3533 975 3600 nostri
989 3535 1143 3601 secundo.

288 3645 305 3720 J
317 3640 392 3704 Hoc
422 3659 519 3718 anno,
552 3647 628 3702 ante
655 3636 872 3701 Pentecosten
897 3645 1033 3721 etpost
1061 3637 1288 3720 Pentecosten,
1318 3661 1396 3706 con-
1401 3665 1440 3726 so,
1452 3663 1507 3714 141.
1517 3671 1549 3714 s.

245 3741 350 3806 fracte
370 3749 453 3805 sunt
477 3760 536 3824 per
562 3737 723 3803 Maiorem
748 3735 898 3802 civitatis
924 3758 1039 3804 omnes
1063 3760 1225 3820 mansure,
1244 3762 1303 3826 per
1317 3763 1397 3827 quas

247 3841 380 3907 bledam
411 3842 540 3908 solebat
567 3841 665 3908 vendi
698 3841 734 3906 in
773 3839 926 3921 Civitate,
960 3851 996 3907 et
1028 3864 1114 3908 nova
1145 3853 1224 3909 aunt
1252 3845 1399 3910 confecta

248 3944 378 4008 maioris
392 3945 603 4028 quantitatis3
627 3967 763 4032 qnorum
779 3945 922 4032 quelibet
943 3945 979 4010 in
1003 3945 1161 4032 superiori
1186 3957 1278 4032 parte
1301 3947 1398 4033 ligata

249 4055 301 4111 est
330 4067 397 4109 uno
425 4047 545 4112 circulo
573 4047 688 4128 ferreo,
716 4047 878 4115 inclavato
913 4047 1013 4114 clavis
1046 4048 1169 4127 ferreis,
1198 4071 1240 4114 ne
1268 4051 1398 4134 possint

248 4146 420 4234 aliqnando
441 4147 559 4214 ialmri.
598 4148 753 4216 Quelibet
766 4171 844 4216 vero
860 4171 1024 4230 mensura,
1037 4149 1172 4231 scilicet,
1187 4150 1396 4238 quarterium,
