3886 5010
580 551 642 612 184
1055 563 1253 610 aeeeuorx.

576 717 689 766 solmalin
711 719 907 780 ooueupiseereut
928 717 1033 765 humsno
1051 731 1092 766 ore
1109 718 1195 778 loqui;
1220 716 1262 764 sed
1282 715 1312 764 de
1328 715 1461 778 philosophi
1480 716 1608 778 pmtinatia
1640 729 1730 777 neque

576 814 649 861 qnam
660 800 693 847 its
703 802 763 848 est”
795 800 889 847 Vooeus
898 806 979 847 sutem
989 799 1155 860 spiculatorem
1165 798 1279 859 gentilem
1287 798 1418 858 quendam,
1429 797 1499 857 dixit,
1518 800 1534 826 “
1542 795 1628 846 Hsbeo
1647 798 1729 844 nolen-

576 887 624 929 tenn
636 880 777 942 Imperetori
796 881 881 942 loqui,
897 881 1005 928 volumus
1024 881 1103 928 rivere
1119 879 1207 938 adhue,
1226 886 1251 926 st
1272 885 1358 941 torque
1374 879 1479 941 ipsum.”
1512 879 1635 927 Adrhnus
1649 887 1731 927 sutem

576 977 662 1008 rooens
675 962 706 1008 ad
722 976 747 1008 se
762 961 863 1009 latenter
878 962 1053 1023 spionlstorem,
1071 962 1106 1008 eit
1125 961 1168 1018 illi,
1195 960 1366 1023 “Priusquam
1383 960 1551 1022 ρδίῑωορὴιιω
1570 961 1667 1008 duxeris
1688 975 1732 1022 per

576 1043 1067 1104 vism,loquereeietpennadeeiloqui,
1083 1041 1731 1104 etsipersusaoriseintloqustur,deouleipsnm;si

576 1139 631 1173 sero
662 1140 711 1173 non
739 1127 913 1187 respondiderit
931 1127 1005 1174 redue
1026 1139 1082 1172 eum
1101 1126 1189 1172 iterum
1207 1125 1240 1171 sd
1258 1126 1325 1174 me.”
1376 1123 1517 1172 Dnoebetur
1543 1124 1626 1184 iteque
1647 1131 1728 1172 tsoens

575 1205 701 1254 doeendus
719 1214 743 1254 et
761 1207 889 1268 spioniator
905 1207 1054 1269 oonpellabst
1071 1221 1126 1254 eum
1137 1207 1168 1254 sd
1179 1220 1294 1268 pugnam.
1336 1205 1395 1253 Erst
1412 1213 1494 1253 sutem
1511 1205 1578 1253 loona
1592 1205 1642 1264 ille,
1664 1205 1730 1252 loeus

574 1293 755 1334 tormentorum.
790 1286 837 1342 Qui
849 1286 911 1334 dixit
921 1287 943 1334 ei
952 1287 1087 1348 spieulator,
1098 1289 1114 1314 ‘⁸
1123 1285 1249 1334 Seeunde!
1269 1298 1344 1346 quere
1354 1291 1425 1344 moes,
1435 1285 1550 1333 mor-ieris.
1583 1284 1693 1346 Loquere
1703 1291 1728 1333 et

575 1367 652 1415 vives!
688 1367 770 1414 l’rests
786 1368 831 1415 tibi
849 1369 921 1414 vitam
937 1368 974 1414 vei
989 1369 1088 1415 verbum
1106 1367 1185 1426 lili,in
1196 1367 1262 1428 quod
1273 1367 1359 1428 riguus
1369 1373 1393 1414 et
1410 1367 1514 1414 hirundo
1532 1367 1617 1414 etalio
1633 1379 1729 1427 queque

577 1447 721 1496 volueressd
734 1450 909 1511 Joouuditstem
919 1450 1025 1508 suerite,
1036 1449 1092 1496 daea
1102 1449 1147 1496 sibi
1159 1448 1250 1510 unguo,
1269 1453 1380 1507 utuntur,
1400 1463 1444 1496 nee
1461 1449 1513 1496 sine
1524 1461 1581 1496 soee
1600 1449 1729 1509 quiequam

576 1535 612 1577 est
624 1530 716 1580 invite.
763 1530 847 1578 l’enite
866 1545 931 1592 ergo,
950 1531 1008 1592 quis
1021 1532 1072 1592 ism
1090 1531 1178 1578 suillob
1197 1529 1320 1576 silentium
1342 1532 1517 1578 humetum.”
1569 1529 1619 1577 Alii
1640 1530 1730 1577 deiude

576 1611 686 1672 pluribus
696 1613 816 1660 iustsbsm
824 1613 900 1660 serbis
908 1619 932 1659 et
942 1613 1116 1673 perwadebsnt
1132 1611 1245 1660 Secundo
1256 1611 1331 1672 loqui.
1367 1611 1494 1659 Seoundns
1505 1609 1563 1658 verd
1573 1613 1645 1659 ritem
1651 1613 1728 1673 parri·

575 1692 690 1752 peudeoa,
701 1698 802 1740 mortem
812 1693 898 1740 troitus
915 1694 961 1740 sibl
979 1695 1107 1754 speotabst,
1122 1695 1250 1741 verborum
1262 1693 1412 1741 sessionibus
1422 1707 1471 1742 non
1487 1707 1623 1742 eonversus.
1656 1693 1727 1740 Tune

575 1772 797 1832 spionletordueens
804 1773 896 1820 enmnd
902 1773 982 1820 loonm
988 1773 1141 1832 destinatum,
1147 1775 1210 1832 slt‚⁴‘
1218 1772 1372 1822 OSeenndei
1382 1773 1729 1842 ostendeoeuritem,etsuseipp

575 1855 601 1902 in
612 1868 641 1900 es
650 1855 784 1916 glsdium.'·
801 1853 926 1902 Seoundm
936 1868 991 1902 sero
1004 1854 1100 1903 silentio
1111 1857 1184 1902 sitam
1196 1869 1337 1916 preponens,
1348 1855 1459 1902 oemitern
1470 1855 1581 1902 ostendit.
1612 1853 1728 1901 Gladium

575 1936 656 1996 itsque
674 1936 805 1983 uteudeus
822 1936 958 1998 spieulator,
977 1937 1048 1996 dlxit,
1070 1938 1086 1964 ‘⁴
1095 1936 1218 1986 Beoundei
1249 1951 1306 1984 rooe
1324 1943 1425 1984 mortem
1447 1936 1571 1984 redimel”
1602 1934 1730 1983 Seoundm

575 2018 744 2065 niobilominus
763 2018 788 2063 in
807 2017 902 2066 silentio
918 2018 1064 2080 pernistebst
1104 2017 1293 2080 Apprehendeos
1304 2017 1378 2079 igitur
1389 2031 1453 2076 eum,
1468 2017 1598 2078 spiculator
1614 2017 1680 2064 venit
1697 2017 1730 2064 sd

576 2099 720 2159 Adrianum,
739 2105 764 2146 et
782 2099 845 2147 dixit
856 2113 912 2147 enm
930 2105 1048 2148 teoentem
1066 2113 1142 2161 nsque
1158 2100 1190 2147 sd
1207 2105 1315 2158 mortem,
1334 2103 1359 2147 et
1376 2099 1449 2145 vitam
1465 2098 1559 2145 silentio
1574 2099 1729 2160 proposnine.

576 2178 698 2225 Adrianus
707 2186 788 2227 sutem
798 2180 918 2226 sdmirnos
924 2179 1058 2240 philosophi
1066 2180 1231 2238 morientium,
1241 2192 1348 2240 surgens,
1356 2179 1398 2237 eit,
1410 2179 1425 2204 ‘⁸
1433 2177 1454 2224 0
1463 2177 1588 2226 Secunde!
1606 2177 1729 2225 silentium

576 2273 724 2316 oonserrens,
742 2259 864 2319 quendum
883 2258 928 2306 tibl
947 2260 1090 2307 eonstituisti
1109 2259 1196 2321 legem,
1214 2260 1322 2320 solvique
1341 2258 1381 2306 lex
1400 2259 1446 2305 iste
1465 2257 1533 2306 nullo
1552 2259 1623 2305 modo
1642 2265 1728 2319 potest.

576 2338 662 2386 humes
672 2340 747 2401 igitur
762 2340 870 2388 tebulam
885 2340 955 2386 istem
967 2359 974 2398 3
988 2340 1087 2401 loquere
1100 2341 1160 2387 mihi
1177 2341 1260 2388 ssitem
1276 2354 1350 2386 meuu
1365 2342 1436 2388 tus.”
1468 2339 1569 2401 Son-ipsit
1584 2340 1635 2398 ite3
1650 2339 1729 2401 “Ego

576 2419 683 2480 quidem,
702 2421 823 2467 Adrisnel
850 2425 874 2465 te
891 2434 939 2466 uon
956 2419 1037 2478 timeo,
1047 2419 1105 2480 quie
1115 2422 1189 2482 possis
1199 2435 1238 2468 me
1248 2421 1333 2479 oooidi,
1345 2421 1403 2482 quia
1413 2421 1524 2483 princepe
1533 2422 1607 2483 anus
1616 2421 1730 2482 temporie

577 2501 664 2547 rideris
674 2515 730 2549 esse.
763 2500 804 2547 lde
820 2505 901 2547 eutem
920 2500 964 2547 tibi
975 2501 1083 2548 ooeidere
1101 2501 1173 2560 lieet;
1189 2504 1288 2549 verbum
1299 2502 1362 2549 eoois
1373 2517 1424 2549 mee
1435 2509 1459 2551 et
1470 2503 1535 2549 verbi
1546 2502 1646 2564 proferri
1660 2502 1729 2550 nulla

577 2589 612 2629 ost
620 2583 746 2642 potestsa.”
762 2581 883 2628 Adrinnus
894 2581 975 2642 iteque
983 2581 1072 2643 legens,
1081 2584 1124 2643 sit,
1141 2585 1156 2610 ‘⁴
1165 2583 1231 2630 bene
1241 2588 1266 2630 te
1277 2597 1390 2632 meuses:
1400 2584 1442 2631 sed
1450 2583 1516 2644 qnod
1523 2583 1612 2630 adhue
1621 2583 1726 2643 quedem

575 2663 722 2726 problemate
740 2665 811 2711 eoeei
829 2677 943 2724 propono,
959 2677 1062 2723 quorum
1081 2664 1186 2726 primum
1204 2670 1247 2723 est,
1258 2665 1323 2721 Quid
1342 2665 1374 2712 sit
1391 2663 1516 2712 mundus?
1533 2667 1561 2710 nt
1571 2663 1602 2710 sd
1613 2663 1658 2711 hoo
1669 2664 1729 2710 mibi

575 2745 742 2806 reepondess.”
757 2744 968 2792 Secundusautern
978 2745 1073 2806 sorlpsit
1082 2747 1137 2803 p-“
1143 2745 1251 2793 Mundus
1262 2745 1569 2806 estddriane,eonstitntio
1580 2743 1625 2791 oeli
1636 2749 1660 2791 et
1668 2749 1730 2790 terre

575 2827 731 2888 omniumque
742 2827 767 2872 in
779 2827 821 2874 e'u.
839 2824 903 2873 Sunt
913 2826 944 2872 de
954 2826 1043 2886 quibus
1053 2826 1125 2889 paulo
1136 2826 1190 2888 plus
1201 2826 1350 2884 dissernm,si
1360 2827 1406 2884 his,
1415 2827 1458 2886 qni
1469 2825 1592 2882 dieuntur,
1603 2824 1730 2886 diligenter

575 2908 714 2956 intenderis.
754 2907 862 2954 Mundus
881 2912 916 2955 est
927 2908 1073 2956 inoesasbilis
1091 2909 1212 2967 elrouitns,
1230 2908 1364 2969 apeotebilis
1380 2907 1496 2969 supellex,
1514 2920 1557 2967 per
1571 2921 1596 2953 se
1612 2906 1729 2967 genitum,

574 2990 688 3037 eorennie
699 2989 858 3047 multiformis,
870 2989 987 3048 iormetio,
996 2995 1094 3037 eternus
1109 2995 1186 3049 tenor,
1201 2990 1315 3038 oironitus
1330 3004 1424 3036 summo
1434 3001 1513 3036 errore
1523 2987 1586 3045 eolis,
1598 2987 1663 3046 lune,
1671 2987 1731 3044 dies,

576 3084 632 3128 nox,
642 3070 749 3126 tenebre,
759 3075 830 3125 nun,
842 3073 913 3126 terra,
923 3083 994 3129 sque,
1005 3083 1055 3117 aer.
1089 3069 1154 3125 Quid
1173 3075 1208 3117 est
1224 3072 1346 3118 munus?
1370 3069 1455 3116 mnndi
1466 3067 1599 3129 emplum,
1615 3067 1731 3115 terminus

575 3157 709 3208 eoronetrrs,
721 3149 845 3197 sinoulum
854 3150 1010 3198 stbnlstienun
1024 3151 1134 3198 universe
1148 3158 1242 3211 usture,
1259 3153 1444 3199 bimum-eunus
1454 3151 1525 3210 erbis,
1535 3149 1731 3206 nummulum,

574 3233 683 3290 sudreie,
702 3231 739 3277 rie
750 3231 826 3288 unu,
837 3236 899 3277 terre
910 3232 1002 3291 divisio,
1012 3247 1142 3294 regnorum
1158 3233 1297 3294 hospitium,
1314 3233 1442 3281 fluviorum
1461 3233 1523 3291 lons,
1539 3233 1652 3280 imbrium
1667 3231 1729 3278 rein·

574 3313 650 3373 giem,
661 3311 686 3358 ln
697 3309 810 3371 perieulis
820 3311 905 3372 gretia,
914 3311 939 3357 lu
951 3312 1120 3372 voluptstibus.
1144 3313 1209 3369 Quid
1221 3319 1256 3360 est
1266 3313 1353 3362 Deus?
1370 3313 1509 3362 immortulis
1517 3328 1592 3371 mens,
1599 3316 1729 3360 inoontem·

574 3391 669 3453 plebilis
679 3391 803 3450 eelsitudo,
815 3390 891 3438 lorms
901 3392 1061 3451 multiformis,
1076 3393 1203 3454 multiplex
1219 3395 1325 3454 spiritus,
1335 3395 1398 3452 ineo!
1405 3393 1510 3455 gitsbiiis
1521 3394 1651 3453 inquisitio,
1669 3391 1730 3438 inse

574 3474 638 3532 pilus
654 3473 745 3530 oeulos,
762 3473 843 3519 omnia
857 3474 990 3533 continens,
1008 3474 1051 3521 lux
1065 3474 1202 3536 perhennis,
1218 3489 1338 3522 mmmnm
1349 3476 1448 3522 bonum.
1483 3473 1547 3532 Quid
1559 3479 1594 3521 eet
1604 3473 1729 3520 studium?

574 3553 661 3600 loboris
672 3553 706 3599 xii
725 3554 847 3614 signorum
866 3569 983 3614 reourum,
995 3555 1140 3617 principium
1157 3557 1312 3614 cotidienum,
1328 3562 1411 3603 eteros
1429 3556 1582 3617 eonpunetio.
1611 3553 1676 3610 Quid
1695 3559 1731 3600 esi

573 3635 628 3684 soli
661 3634 707 3682 oeli
723 3635 817 3695 quoius,
838 3637 914 3682 uootis
929 3637 1039 3698 objectio,
1057 3637 1142 3684 esloris
1152 3639 1275 3696 oirouitus,
1294 3637 1433 3684 lndeheieus
1442 3637 1545 3692 llsmme,
1555 3634 1668 3694 splendor
1678 3635 1730 3681 siue

573 3731 667 3773 oeossu,
689 3715 781 3762 oelostis
798 3715 874 3762 vietor
890 3715 945 3773 Dei,
960 3722 1059 3765 orestus
1077 3718 1131 3776 oeli,
1148 3718 1304 3779 pulchritudo
1322 3723 1415 3775 neture,
1431 3715 1508 3777 gratia
1522 3714 1635 3760 horarum
1650 3714 1728 3761 distri-

574 3799 648 3846 butio.
682 3798 747 3854 Quid
759 3796 884 3845 estlunni'
909 3797 955 3844 oeli
972 3798 1068 3858 propria
1085 3799 1140 3846 solis
1160 3799 1248 3855 omnio,
1266 3797 1445 3844 malelsotorum
1462 3795 1567 3852 inimioe,
1578 3795 1728 3856 vigilantium

573 3880 686 3936 solomon,
697 3878 862 3940 novigentium
873 3877 983 3936 direotor,
994 3878 1089 3938 signnm
1101 3877 1302 3938 solempnitatum,
1314 3876 1431 3924 reeisoulo
1439 3877 1543 3935 initium,
1554 3875 1638 3924 oeulus
1645 3878 1729 3934 noodr,

573 3963 649 4009 smioa
660 3961 738 4020 meris,
749 3959 883 4022 presagium
894 3963 1070 4020 tempestatum.
1104 3957 1169 4016 Quid
1189 3964 1224 4005 est
1241 3961 1324 4006 terna?
1346 3958 1391 4006 oeli
1402 3959 1461 4019 sxia,
1472 3959 1557 4006 mundi
1569 3959 1729 4015 meditulium,

572 4046 682 4106 gentium
693 4045 749 4103 sita,
760 4043 883 4090 huotuum
893 4047 972 4090 eustos
982 4045 1007 4087 et
1017 4041 1108 4100 nutrix,
1126 4040 1266 4102 opereulum
1283 4041 1379 4099 inferni,
1398 4041 1533 4089 devoratrix
1549 4043 1657 4090 omnium
1668 4041 1727 4086 siro·

572 4139 625 4172 rnor
645 4125 802 4183 ossoeutium,
817 4125 901 4171 nutrix
920 4123 1058 4180 viventium,
1076 4121 1190 4169 oelarium
1202 4121 1257 4169 rite.
1291 4121 1356 4180 Quid
1368 4123 1503 4172 esthemo?
1520 4137 1587 4171 meus
1598 4123 1727 4176 iuoarnsta,
