3930 5088
416 555 419 560 -
554 513 596 574 86
912 527 1073 574 cronica
1098 528 1276 574 unronuu
1302 530 1347 574 er

552 679 593 744 In
608 679 701 765 cnjus
716 679 762 745 rei
785 677 1011 745 testimonium
1035 677 1095 744 bas
1120 677 1244 744 litteras
1267 688 1396 746 nostru
1410 679 1481 747 fieri
1494 678 1630 747 fecimus
1644 701 1703 767 ps-

550 790 667 846 tantes.
710 781 809 846 'Peste
830 801 884 846 me
905 781 979 865 ipso
993 779 1082 866 apud
1097 773 1395 868 Norbamptonam,
1409 801 1477 846 xxx
1502 781 1556 848 die
1570 782 1704 869 Aprilis,

548 903 635 946 anno
651 881 742 967 regni
755 880 860 946 nostri
874 879 914 944 1⁰.

594 983 635 1048 In
650 983 790 1048 erastino
804 1003 894 1061 reto,
909 981 1032 1048 soiliost
1046 981 1099 1047 die
1113 981 1324 1050 Assensionia
1346 983 1496 1065 Domini,
1518 993 1599 1050 tuno
1620 994 1704 1050 tem-

548 1083 638 1170 poris
651 1085 772 1150 lentum
787 1085 899 1152 Sancti
909 1085 932 1151 J
933 1085 1071 1152 ohannis
1080 1095 1156 1152 ants
1166 1095 1295 1172 portam
1306 1085 1469 1167 Latinam,
1479 1097 1702 1154 convenerunt

550 1185 648 1252 ci'ves
662 1187 750 1272 opud
766 1185 919 1268 Gildhsll,
934 1197 969 1253 at
982 1209 1041 1273 per
1055 1209 1112 1254 eos
1127 1189 1250 1254 electus
1267 1198 1319 1254 est
1331 1189 1528 1255 willielmus
1541 1189 1628 1254 filius
1645 1189 1702 1254 Ri-

548 1289 647 1371 endi,
661 1299 694 1356 et
704 1291 843 1374 juratus,
860 1301 899 1356 ut
910 1292 1060 1358 intendat
1073 1292 1116 1357 ad
1131 1293 1275 1358 officium
1283 1291 1536 1357 Vioeoomitntus
1559 1290 1702 1356 Middel·

548 1389 636 1458 sexis
650 1402 684 1458 et
694 1393 735 1458 ed
750 1393 945 1459 Custodiam
956 1392 1107 1460 Civitatis
1118 1383 1363 1460 Londoniarnm
1372 1395 1406 1459 in
1428 1395 1534 1459 torma
1548 1403 1701 1460 oontsuta

548 1495 583 1560 in
597 1495 750 1581 predictis
764 1495 880 1562 litteris
892 1521 901 1576 3
923 1505 958 1561 et
971 1495 1007 1560 in
1021 1496 1163 1563 omstino
1178 1495 1362 1563 Batonibus
1376 1497 1417 1563 de
1441 1487 1608 1564 Soaooario
1627 1519 1701 1582 pre-

549 1605 695 1662 sentatus
710 1598 797 1684 apud
813 1597 972 1665 Sanctum
986 1598 1136 1678 Paulum,
1150 1608 1185 1664 at
1199 1592 1245 1663 ibi
1259 1598 1422 1664 admisisti
1437 1607 1472 1663 et
1484 1600 1623 1684 juratas.

592 1697 846 1766 Memorandum
858 1699 944 1786 quod
955 1698 1051 1764 multi
1065 1699 1107 1764 de
1121 1699 1249 1764 minuto
1260 1699 1396 1785 populo,
1411 1699 1464 1765 die
1478 1721 1543 1786 quo
1557 1700 1701 1787 predicta

547 1802 663 1868 electio
677 1804 762 1868 stota
781 1803 869 1883 luit!
879 1793 1145 1868 oontradixernnt
1158 1793 1258 1881 iliam,
1272 1801 1461 1881 clamantes,
1474 1806 1498 1840 “
1505 1821 1582 1887 noy,
1602 1797 1701 1887 noy?

547 1914 581 1970 et
602 1903 759 1984 dieentes,
782 1904 980 1971 “Nolumus
1005 1904 1124 1972 bebere
1147 1903 1308 1970 Maiorem
1330 1903 1394 1969 nisi
1412 1904 1573 1970 Thomam
1595 1905 1699 1970 filium

545 2006 683 2087 l'bome,
698 2017 733 2072 et
746 2007 899 2073 volumus
913 2017 953 2072 ut
966 2007 1121 2074 liberetur
1134 2029 1154 2072 a
1168 2007 1310 2093 prisona,
1325 2015 1360 2072 et
1374 2005 1454 2072 sooii
1469 2007 1530 2087 sni,
1551 2007 1607 2094 qui
1622 2015 1699 2072 sunt

546 2110 634 2196 apud
672 2109 955 2177 windleshores?
996 2109 1075 2174 ‘l'ale
1104 2118 1200 2194 turpe
1228 2109 1394 2194 eloquium
1430 2107 1582 2175 dixenmt
1617 2109 1699 2174 latui

546 2211 588 2276 de
602 2211 711 2297 ngo,
726 2211 780 2276 die
790 2211 886 2278 Luno
900 2211 1088 2299 precedenti
1101 2211 1137 2276 in
1152 2211 1265 2277 eadem
1282 2211 1470 2279 Gildbsllis.
1515 2213 1614 2278 Unde
1628 2213 1699 2278 Do-

545 2311 654 2377 minus
684 2313 767 2393 Rex,
796 2313 926 2398 quando
955 2312 1036 2377 tales
1064 2325 1212 2376 rumores
1235 2312 1369 2392 audivit,
1397 2324 1548 2380 metuens
1573 2337 1616 2382 ne
1643 2315 1699 2382 ille

545 2413 687 2500 populus
702 2413 883 2498 insurgeret
896 2413 931 2478 in
947 2412 1119 2498 Magnetes
1136 2409 1298 2490 Civitatis,
1319 2411 1374 2497 qui
1389 2413 1522 2479 fuerunt
1535 2416 1577 2480 ad
1598 2416 1697 2481 fidem

546 2535 651 2594 suam,
673 2514 762 2580 misit
790 2515 831 2580 ed
856 2513 1045 2578 Londonias
1070 2511 1240 2578 dominum
1266 2513 1432 2598 Rogerum
1456 2514 1497 2578 de
1521 2515 1698 2596 Leiburne,
1783 2563 1788 2572 ·

545 2617 612 2704 qui,
634 2618 686 2684 die
704 2615 838 2683 Sabbati
852 2615 1002 2703 proximo
1016 2616 1166 2704 sequentl
1179 2616 1271 2681 venit
1284 2615 1319 2681 in
1334 2614 1478 2682 Gildball
1488 2637 1563 2681 oum
1578 2641 1699 2704 magno

544 2721 701 2786 comitatu
728 2720 868 2786 militum
893 2729 928 2786 et
953 2719 1151 2785 servientum
1178 2716 1240 2784 sub
1263 2719 1379 2804 pannis
1406 2722 1614 2799 armatorum,
1639 2721 1699 2786 ubi

543 2821 786 2888 innumerabilia
807 2822 950 2908 popolus
967 2820 1118 2888 Civitatis
1132 2830 1351 2888 convenerant
1375 2829 1409 2886 et
1432 2820 1502 2885 sine
1516 2823 1698 2888 summoni-

544 2926 648 2993 oione.
691 2925 738 2990 Et
758 2925 904 3013 presepit
923 2925 1010 2990 idem
1035 2925 1188 2990 dominus
1211 2925 1370 3010 Rogatus,
1391 2943 1433 2989 ex
1452 2933 1546 3010 parto
1560 2924 1698 2992 Domini

545 3028 654 3114 Regis,
681 3038 721 3094 ut
742 3048 868 3106 omnes,
897 3027 953 3111 qui
982 3025 1126 3111 suspecti
1155 3035 1275 3104 essent,
1304 3025 1443 3090 lubsent
1471 3026 1558 3113 eapti
1585 3037 1620 3093 et
1648 3037 1696 3094 at·

543 3131 741 3210 turbistina
761 3128 825 3214 ipsi
846 3127 986 3211 aliquam
1001 3127 1295 3192 confederationem
1312 3129 1455 3194 fenerent
1468 3150 1543 3194 oum
1557 3129 1696 3196 inimicis

544 3231 680 3296 Domini
703 3228 812 3313 Regis.
857 3227 966 3306 Unde,
989 3227 1105 3292 eodem
1119 3227 1182 3306 die,
1198 3229 1285 3314 capti
1309 3239 1387 3294 sunt
1407 3231 1482 3316 plus
1504 3253 1602 3316 quam
1623 3235 1696 3312 xxi,

544 3332 634 3396 nullo
650 3330 691 3394 de
704 3328 827 3415 populo
847 3327 969 3415 aliquid
984 3328 1235 3395 oontradioente.
1450 3319 1460 3340 ”

587 3431 851 3511 Memorandnm,
866 3431 954 3517 quod
967 3427 1025 3511 illi,
1040 3431 1096 3518 qui
1110 3430 1307 3497 adheserunt
1321 3431 1466 3498 Domino
1481 3433 1573 3518 Regi,
1585 3432 1695 3519 sepius

544 3533 759 3601 conflixerunt
770 3553 845 3600 cum
856 3532 1047 3599 adversariis
1062 3533 1140 3610 suis,
1152 3533 1313 3613 videlieet,
1321 3555 1387 3600 una
1396 3533 1467 3600 vioe
1481 3535 1516 3600 in
1528 3533 1696 3602 comitatu

545 3637 586 3702 de
601 3635 724 3722 Derby,
739 3635 796 3700 ubi
810 3637 833 3701 J
834 3637 979 3701 ohannes
994 3635 1035 3701 de
1050 3635 1177 3721 Eyvile,
1191 3635 1378 3700 Baldwinus
1393 3634 1510 3715 Wnke,
1524 3645 1559 3702 et
1574 3636 1695 3703 Comes

544 3740 587 3805 de
602 3738 749 3819 Ferariis,
771 3737 828 3823 qui
842 3735 937 3802 tertia
951 3735 1003 3802 die
1024 3745 1121 3801 antea
1142 3736 1277 3801 renensit
1300 3758 1320 3800 a
1340 3735 1406 3801 fide
1426 3737 1562 3802 Domini
1585 3739 1695 3824 Regis,

544 3843 702 3909 adherens
717 3841 764 3906 eis
776 3839 961 3927 juramento
975 3838 1124 3926 prestito,
1138 3847 1172 3902 et
1187 3838 1281 3904 multi
1295 3838 1359 3918 olii,
1382 3850 1605 3906 convenerunt
1618 3863 1693 3906 oum

544 3945 636 4033 equis
659 3954 694 4010 et
715 3943 813 4010 armis
834 3943 868 4008 in
888 3942 966 4009 villa
988 3963 1051 4030 que
1074 3951 1209 4008 vocatur
1236 3939 1438 4024 Cestrefield,
1460 3943 1517 4010 nbi
1543 3944 1695 4010 dominus

545 4049 709 4116 Henrious
732 4049 773 4115 de
787 4047 993 4130 Alemannis,
1016 4044 1169 4114 dominus
1194 4044 1364 4112 lohannes
1382 4046 1424 4113 da
1446 4044 1562 4128 Baliol,
1587 4047 1698 4114 etalii
