3930 5088
534 604 791 649 vrcscourruu
817 604 1101 650 uonnournauu.
1308 597 1369 654 159

222 756 383 842 Angliam,
397 757 486 822 fatue
499 765 532 821 et
543 755 716 822 indiscrete
732 777 767 820 se
780 754 930 840 gerebat3
946 755 1021 840 quia
1032 755 1119 840 cepit
1132 756 1168 820 in
1182 756 1370 824 societatem

223 881 314 924 suam
332 858 516 925 Emericum
531 859 573 922 de
598 857 716 922 Monte
737 857 839 937 Forti,
863 857 905 921 ad
928 858 1176 923 conducendum
1191 869 1225 923 et
1238 859 1371 924 venien-

223 961 302 1025 dum
325 983 436 1027 secum
464 961 499 1026 in
521 960 656 1046 singlis,
694 982 792 1045 quem
821 959 984 1024 Dominus
1001 960 1181 1025 Edwardus
1206 961 1278 1026 Rex
1292 961 1370 1027 odio

223 1059 347 1142 habuit,
362 1083 401 1126 eo
416 1063 504 1148 quod
523 1063 638 1126 fratrm
662 1061 714 1126 sui
736 1061 964 1126 interfecerant
986 1062 1165 1127 Dominum
1192 1063 1370 1127 Henricum

223 1161 263 1227 de
286 1163 488 1244 Alamannia,
511 1164 596 1230 sicut
619 1163 836 1248 prescriptum
859 1171 918 1227 est
980 1163 1079 1228 Unde
1109 1164 1272 1229 Dominus
1299 1164 1370 1228 Rex

225 1266 336 1329 statim
366 1265 533 1331 mandarit
564 1263 813 1331 constabulario
843 1262 951 1328 Castri
980 1263 1021 1328 de
1050 1263 1201 1344 Deveria,
1229 1272 1267 1328 ut
1298 1264 1370 1349 ipse

223 1366 352 1431 fecisset
366 1365 486 1452 ubique
501 1387 589 1430 mare
604 1363 761 1429 custodiri
783 1363 921 1428 navibus
945 1373 979 1429 et
997 1365 1119 1450 galleis,
1145 1388 1187 1430 ne
1216 1366 1289 1450 ipse
1319 1367 1371 1430 in-

223 1477 341 1532 trasset
365 1469 400 1531 in
424 1489 560 1552 regnum
584 1466 712 1552 Anglie.
764 1465 937 1530 Mandavit
961 1467 1059 1530 etiam
1078 1467 1266 1552 justiciariis
1292 1467 1371 1547 suis,

224 1568 312 1652 quod
326 1569 389 1653 ipsi
404 1579 557 1654 caperent
570 1569 605 1633 in
621 1590 738 1632 manus
752 1589 829 1632 suas
843 1567 1009 1632 baroniam
1024 1569 1103 1633 dicti
1119 1567 1288 1654 Episcopi.

269 1671 345 1734 Hoc
360 1691 457 1748 anno,
474 1671 559 1735 sicut
581 1671 690 1735 necin
706 1669 811 1735 tribus
826 1669 920 1734 annis
935 1669 1195 1755 precedentibus,
1209 1671 1295 1736 facta
1308 1672 1371 1738 fuit

222 1771 327 1858 aliqua
348 1771 479 1856 justicia
501 1773 541 1836 de
556 1771 734 1857 pistoribus
755 1771 999 1838 Londoniarum
1010 1798 1021 1852 3
1045 1782 1096 1837 set
1121 1772 1185 1857 ipsi
1205 1794 1265 1857 pro
1286 1795 1372 1838 mer-

223 1873 300 1938 cede
330 1873 405 1937 dato
430 1872 549 1938 Maiori
569 1883 604 1940 et
628 1872 883 1938 vicecomitibus
912 1875 1060 1938 fecerunt
1086 1896 1188 1960 panes
1219 1896 1296 1939 suos
1311 1897 1371 1959 pro

223 1975 390 2040 voluntate
415 1997 485 2057 sua,
508 1976 554 2041 ita
576 1975 664 2062 quod
688 1974 824 2061 quilibet
850 1976 943 2061 panis
969 1975 1031 2042 fuit
1056 1977 1090 2040 in
1111 1977 1254 2063 pondere
1268 1976 1370 2042 levior

223 2098 321 2161 quam
336 2075 469 2143 deberet
488 2079 529 2143 de
544 2079 643 2144 tercia
656 2087 748 2164 parte
763 2078 815 2142 vel
826 2089 949 2164 quarta,
964 2080 1006 2142 ad
1020 2101 1172 2165 magnum
1193 2081 1371 2165 dampnum

222 2187 256 2242 et
268 2178 498 2244 detrimentum
514 2180 644 2247 Civium
659 2191 693 2246 et
708 2179 854 2246 omnium
868 2179 1056 2244 incivitate
1070 2179 1280 2246 venientium.

267 2281 520 2348 Memorandum
543 2285 631 2369 quod
654 2292 724 2348 toto
746 2292 893 2368 tempore
916 2283 1098 2349 Maioratus
1123 2283 1218 2347 istius
1235 2282 1371 2348 Maioris

222 2407 289 2448 non
304 2385 452 2469 permisit
461 2385 516 2450 ille
530 2385 683 2471 placitare
697 2387 731 2450 in
749 2386 917 2472 Hustingo
933 2387 973 2450 de
985 2385 1111 2471 placitis
1125 2395 1293 2465 terrarum,
1308 2385 1372 2449 nisi

222 2486 315 2550 valde
330 2508 421 2568 rar03
435 2510 475 2552 eo
487 2488 575 2572 quod
584 2489 655 2573 ipae
665 2487 885 2574 implacitatus
894 2487 957 2552 luit
968 2488 1008 2552 de
1019 2487 1159 2573 quodam
1175 2495 1372 2566 tenemento,

223 2589 310 2674 quod
332 2587 470 2654 isabella
495 2589 636 2656 Bukerel
660 2590 760 2676 exigit
782 2590 823 2655 ab
848 2613 887 2657 eo
910 2590 1147 2676 perplacitum
1173 2589 1258 2654 inter
1281 2589 1372 2675 ipsos

223 2702 360 2757 motum.
1367 2745 1369 2752 .

265 2795 341 2858 Hoc
356 2815 441 2858 anno
450 2793 615 2857 Dominus
631 2794 713 2872 Rex,
728 2794 862 2858 veniens
879 2794 919 2857 de
933 2793 1033 2858 Terra
1048 2794 1168 2858 Sancta
1179 2813 1254 2856 oum
1268 2791 1370 2857 nobili
1383 2813 1419 2860 Da
1435 2813 1536 2860 mma
1544 2814 1591 2862 ro·

222 2904 379 2980 apparatu
389 2903 424 2958 et
438 2894 600 2972 comitiva,
611 2895 702 2960 venit
716 2894 857 2958 Parisios
879 2893 931 2958 die
945 2893 1039 2959 Jovis
1054 2902 1129 2957 anta
1144 2893 1370 2975 Advinculam,
1380 2877 1418 2941 ⁹⁴³
1428 2878 1453 2924 1²
1452 2878 1547 2926 ‘m'

219 3009 299 3062 tunc
323 2995 477 3082 temporis
499 2997 543 3082 vj.
568 2996 633 3062 kal.
657 2997 810 3081 Augusti,
834 2996 960 3081 Regina
983 3017 1042 3060 aua
1061 3004 1157 3060 antea
1172 2996 1317 3081 prolecta
1331 2998 1366 3064 iu

220 3099 425 3165 Vasconiam.
471 3099 511 3164 ln
527 3099 668 3165 crastino
683 3119 760 3164 vero
774 3099 852 3164 fecit
874 3099 955 3184 Regi
973 3098 1107 3164 Francia
1121 3099 1310 3185 homagium
1325 3101 1366 3168 da

223 3201 317 3266 terris
332 3223 412 3286 quas
427 3210 529 3281 tenet,
544 3211 578 3267 et
589 3222 669 3287 quas
684 3201 802 3266 clamat
816 3211 926 3266 tenere
941 3201 982 3266 de
997 3223 1046 3266 eo.

265 3302 357 3384 [Cito
386 3311 501 3388 postea
525 3302 596 3387 ipse
625 3302 790 3388 profectus
819 3311 871 3368 est
900 3324 975 3368 cum
997 3301 1150 3368 comitiva
1172 3325 1232 3368 sua
1256 3322 1413 3382 versusfo.
1426 3321 1516 3373 13720.

220 3403 425 3482 Vasconiam,
441 3403 634 3490 quibusdam
653 3403 837 3469 comitibus
849 3412 883 3468 et
897 3403 968 3468 aliis
983 3403 1188 3488 magnatibus
1211 3407 1251 3470 de
1268 3427 1368 3492 regno

221 3507 348 3592 Anglie,
370 3506 425 3592 qui
448 3518 604 3573 venerant
618 3507 648 3572 ei
668 3505 797 3574 obviam
819 3528 923 3592 usque
949 3505 1091 3571 Parisius
1106 3514 1140 3571 et
1154 3508 1249 3588 ultra,
1267 3509 1369 3576 comi-

222 3608 369 3675 tantibus
383 3608 425 3675 ei.

265 3712 390 3777 Littere
405 3710 585 3795 subscripte
600 3711 683 3777 lecte
697 3712 829 3776 fuerunt
848 3711 883 3776 in
898 3709 1075 3776 Gildhallia
1095 3711 1130 3776 in
1145 3711 1229 3777 festo
1242 3713 1278 3778 N
1278 3712 1372 3778 ativi·

219 3812 297 3876 tatis
312 3812 413 3876 Beate
429 3811 545 3890 Marie,
559 3812 657 3876 Anno
669 3813 804 3878 Domini
817 3811 1070 3877 M⁰GC⁰LXX⁰.
1080 3811 1188 3892 tertio,
1207 3821 1242 3878 et
1256 3834 1371 3878 secun·

222 3914 301 3977 dum
313 3922 461 3978 tenorem
475 3914 602 3978 illarum
619 3915 854 3999 proclamatum
869 3938 929 4001 per
942 3923 1046 3980 totam
1062 3913 1248 3982 Civitatem.

265 4014 455 4093 Edwardus,
465 4016 528 4078 Dei
536 4017 647 4100 gratia,
659 4019 731 4081 Rex
744 4017 870 4102 Anglie‚
885 4016 1050 4082 Dominus
1061 4015 1238 4102 Hybernie,
1250 4027 1284 4082 et
1291 4018 1370 4080 Dux
1384 4031 1420 4078 Da
1430 4031 1588 4080 Fundana:

222 4116 447 4205 Aequitannie‚
457 4116 576 4183 Maiori
585 4129 618 4184 et
626 4118 879 4186 Vioeoomitibus
892 4119 958 4184 suis
971 4117 1214 4190 Londoniarum
1223 4120 1370 4187 salutem.
1384 4095 1432 4142 ua.
