3898 5022
822 589 1001 636 raasson.
1443 567 1514 636 cciii

310 741 474 819 September
488 741 661 820 following?
676 753 706 802 to
720 742 792 802 have
806 742 850 802 his
864 762 917 819 age
938 741 1050 820 proved
1073 743 1103 800 in
1118 742 1200 800 order
1215 749 1244 799 to
1259 741 1322 800 take
1336 761 1374 818 up
1388 742 1436 800 the
1449 763 1512 800 suc·

308 841 415 899 cession
436 849 467 900 to
489 841 535 900 bis
557 842 683 919 paternal
702 841 759 900 and
770 841 907 901 maternal
921 840 1105 908 inberitance,
1118 839 1209 898 which
1224 839 1280 897 had
1295 859 1356 898 now
1370 841 1440 898 been
1455 849 1515 898 cast

307 957 381 1016 upon
396 938 464 998 him.
505 939 568 998 The
590 939 735 1017 following
759 938 857 998 record
879 957 979 1016 proves
1001 936 1063 996 that
1081 937 1130 994 the
1153 936 1231 1014 King
1253 945 1301 1015 yet
1320 936 1470 994 continued
1483 945 1513 994 tc

309 1035 435 1094 exercite
456 1037 534 1113 regal
548 1038 701 1115 authority,
714 1037 771 1096 and
784 1038 807 1095 it
821 1057 877 1094 was
891 1034 959 1113 only
973 1035 1002 1092 in
1027 1033 1076 1094 the
1095 1034 1239 1112 following
1260 1034 1359 1092 mouth
1383 1034 1445 1092 that
1463 1033 1513 1092 the

310 1131 396 1190 Dulce
407 1133 441 1190 of
453 1132 531 1191 Yorlr
544 1135 659 1192 arowed
672 1133 716 1192 his
731 1133 812 1192 claim
827 1142 857 1192 to
867 1132 915 1191 the
926 1149 1029 1190 crown.

351 1229 484 1288 Probatio
497 1229 578 1288 etatis
593 1230 728 1288 Willelmi
744 1230 901 1289 Beaumont
916 1227 1021 1296 militis,
1040 1227 1156 1286 Domini
1182 1227 1217 1286 ds
1244 1227 1371 1294 Bardolf,
1391 1227 1441 1286 filii
1461 1227 1512 1288 Jo-

310 1323 412 1386 hennis
441 1345 531 1402 nuper
555 1325 735 1386 vicecomitis
760 1327 916 1386 Beaumont
936 1334 964 1386 st
984 1325 1149 1385 Elimbeahe
1171 1327 1265 1386 uxoris
1288 1327 1351 1402 ejus
1373 1325 1512 1394 detineto,

309 1423 509 1498 consanguinei
522 1431 551 1480 et
564 1421 674 1480 heredis
688 1421 828 1493 Jobanne,
844 1423 966 1482 Domine
979 1423 1015 1481 de
1036 1421 1161 1490 Bardolf,
1186 1421 1324 1491 videlicet,
1345 1421 1395 1478 iiiii
1419 1421 1512 1480 Elisa-

307 1519 391 1578 betbe
417 1519 474 1578 filie
498 1521 620 1596 predicte
647 1519 786 1587 Johanne,
810 1541 843 1578 ac
871 1520 1072 1597 consanguinei
1095 1527 1124 1578 et
1145 1518 1256 1578 heredis
1278 1519 1362 1576 Anne
1383 1538 1437 1594 que
1458 1520 1513 1577 fuit

309 1635 380 1674 uxor
404 1616 552 1692 Regineldi
577 1617 706 1674 Cobhanr
733 1617 840 1686 militis,
866 1617 997 1676 videlicet
1022 1616 1073 1674 filii
1096 1616 1259 1674 Elisabethe
1285 1615 1342 1674 filie
1364 1615 1437 1674 dicte
1461 1615 1512 1676 Jo-

308 1711 401 1769 hanne
415 1711 517 1770 sororis
545 1709 670 1786 ejusdem
687 1715 779 1780 Anne,
794 1712 823 1768 in
843 1713 922 1770 brevi
943 1710 1010 1770 huic
1033 1711 1205 1788 inquisitioni
1227 1721 1344 1770 consuto
1368 1713 1512 1780 nominati,

344 1959 359 1990 ὓ
376 1959 427 2005 The
439 1959 492 2005 writ
503 1959 522 2004 is
533 1973 558 2006 ss
569 1959 660 2006 follows
669 1963 725 2007 :-“
735 1960 864 2019 Henricus,
878 1959 925 2009 Dei
944 1962 1021 2024 gratis
1032 1963 1084 2010 Rex
1105 1963 1192 2025 Augila
1208 1971 1232 2011 et
1249 1963 1351 2012 Francis
1362 1971 1386 2012 et
1398 1965 1515 2012 Dominus

314 2039 440 2098 Hibernis,
463 2041 582 2088 Escsetori
599 2057 642 2089 sno
659 2043 684 2088 in
703 2043 817 2090 comitatu
834 2044 967 2104 lincolnia,
986 2045 1094 2094 alutem.
1134 2045 1196 2102 Quia
1214 2045 1350 2093 willelmus
1373 2047 1514 2105 Beaumont,

314 2123 390 2180 miles,
420 2123 538 2170 Dominus
566 2124 672 2182 Bardolf,
699 2125 763 2172 fliius
790 2123 806 2173 J
808 2125 909 2174 ohannis
933 2141 1011 2187 nuper
1037 2127 1188 2175 vicecomitis
1218 2128 1360 2186 Beaumont,
1388 2134 1412 2175 et
1436 2129 1514 2176 Eliss-

310 2203 381 2250 betbe
392 2203 475 2250 uxoris
486 2203 536 2264 ejras
547 2203 669 2261 defuncte,
679 2205 870 2266 consanguineus
886 2212 910 2252 et
929 2206 997 2254 heres
1013 2206 1132 2266 Jobaune,
1151 2207 1254 2254 Domina
1264 2207 1295 2254 da
1308 2207 1414 2266 Bardolf,
1425 2223 1472 2268 que
1484 2210 1514 2258 ds

311 2286 379 2330 nobis
398 2285 477 2332 tenuit
499 2285 523 2330 in
545 2286 630 2346 capite,
652 2286 692 2333 die
709 2301 758 2347 quo
780 2288 847 2344 obiit,
872 2288 990 2346 videlicet,
1018 2289 1081 2336 iilius
1107 2289 1254 2348 Elisabethe,
1274 2289 1323 2336 filie
1342 2291 1451 2351 predicte
1469 2290 1511 2338 Je

308 2365 395 2422 banne,
412 2381 440 2412 sc
457 2368 648 2428 consanguineus
665 2373 689 2414 et
704 2368 773 2415 berea
789 2369 870 2424 Anne,
883 2385 931 2430 qne
947 2371 993 2417 fuit
1011 2385 1073 2418 uxor
1090 2371 1217 2432 Reginsldi
1233 2371 1342 2420 Cebbam
1360 2372 1451 2429 militis,
1466 2387 1514 2431 que

309 2446 418 2494 similiter
429 2448 507 2494 tenuit
518 2448 549 2494 dc
561 2449 629 2496 nobis
646 2449 670 2496 in
688 2450 765 2510 capite
782 2450 821 2497 die
838 2465 886 2510 qno
902 2452 969 2510 obiit,
980 2452 1091 2499 videlicet
1101 2453 1164 2499 filius
1176 2453 1323 2509 Elisabethe,
1335 2453 1383 2500 illie
1394 2455 1458 2500 dicte
1469 2450 1513 2500 Jo-

310 2527 400 2584 bsnne,
408 2529 493 2576 scrofis
504 2529 610 2590 ejusdam
619 2531 699 2586 Anne,
708 2531 768 2578 dicit
777 2545 802 2578 se
812 2532 883 2591 plene
893 2533 962 2579 sutis
972 2547 1022 2580 esse
1032 2539 1056 2580 st
1067 2533 1128 2594 petit
1135 2533 1166 2580 de
1177 2535 1245 2580 nobis
1256 2538 1329 2581 terras
1337 2539 1360 2580 et
1371 2541 1514 2591 tenementis,

308 2624 355 2670 que
366 2615 423 2655 sunt
434 2609 465 2656 de
475 2610 607 2657 hereditate
618 2626 661 2657 sua
671 2616 695 2657 et
709 2612 734 2658 in
749 2613 858 2660 custodia
867 2613 986 2659 Jobaunis
998 2613 1150 2660 vicecomitis
1162 2613 1296 2660 Beaumont
1308 2628 1338 2660 ex
1349 2616 1513 2664 commissione

306 2697 394 2748 nosma,
404 2691 450 2738 sibi
461 2691 541 2748 reddi3
551 2707 595 2752 per
605 2693 670 2751 quod
683 2693 794 2740 volumus
809 2694 874 2753 quod
891 2694 956 2740 idem
972 2692 1115 2750 willelmus,
1127 2695 1169 2753 qni
1181 2696 1246 2754 spud
1260 2694 1390 2742 Edenham
1401 2697 1427 2742 in
1438 2697 1513 2743 comi-

305 2777 357 2820 tatu
372 2773 481 2835 predicto
492 2780 561 2820 natus
572 2779 597 2820 at
607 2775 632 2820 iu
644 2773 742 2820 eeclesia
758 2774 865 2835 ejusdem
877 2774 933 2820 villa
949 2774 1082 2833 baptisatus
1092 2774 1146 2830 fuit,
1159 2781 1186 2821 ut
1198 2775 1265 2831 dicit,
1276 2781 1363 2822 etatem
1374 2791 1441 2822 susm
1456 2793 1509 2838 pro·

306 2855 347 2900 bet
357 2869 437 2900 coram
448 2861 481 2902 te.
516 2855 548 2902 m
559 2854 613 2902 ideo
624 2855 668 2900 tibi
679 2855 824 2914 precipimus
836 2854 901 2913 quod
911 2855 943 2900 ad
955 2861 1031 2902 certos
1042 2854 1106 2900 diem
1126 2861 1151 2902 et
1166 2855 1253 2911 iocum,
1265 2869 1324 2915 qnos
1338 2857 1369 2902 ad
1380 2857 1425 2902 hoc
1436 2859 1513 2916 provi-

307 2933 377 2991 deris,
388 2935 555 2995 probscionem
565 2935 697 2995 predictam
708 2948 750 2994 per
760 2937 935 2980 sacramentum
955 2937 1004 2978 tam
1021 2931 1126 2978 militum
1137 2947 1210 2991 quam
1229 2933 1331 2980 aliomm
1348 2936 1476 2994 proborum
1488 2943 1513 2983 et

307 3013 420 3074 legalium
431 3016 556 3063 bominum
567 3017 598 3062 de
609 3016 723 3063 comitatu
740 3014 857 3076 predicte,
875 3027 918 3074 per
934 3027 994 3075 quos
1010 3013 1122 3073 probauio
1133 3013 1175 3058 ills
1185 3013 1239 3074 capi
1250 3019 1274 3060 et
1285 3014 1370 3062 veritas
1381 3017 1450 3062 etatis
1459 3031 1512 3077 pra-

308 3095 372 3141 diots
382 3097 467 3144 melius
477 3098 532 3144 sciri
543 3103 621 3158 ponet
631 3105 655 3144 et
667 3097 765 3159 inquiri,
777 3096 864 3156 capias.
899 3095 932 3142 Et
942 3095 1002 3141 seira
1017 3093 1089 3140 facias
1104 3093 1195 3154 prefato
1212 3095 1228 3141 J
1230 3095 1320 3141 ohauni
1337 3097 1402 3155 qnod
1414 3103 1472 3145 tuno
1482 3100 1513 3146 sit

309 3174 398 3222 ibidem
407 3178 439 3223 ad
450 3179 634 3237 ostendendam,
646 3179 666 3226 si
677 3179 736 3238 quid
748 3193 791 3239 pro
802 3191 827 3224 se
837 3177 925 3223 babeat
935 3176 972 3222 vel
984 3176 1063 3222 dicere
1079 3175 1138 3222 sciat
1149 3190 1223 3235 qnare
1241 3176 1331 3236 prefato
1343 3176 1474 3237 willelmo,
1485 3189 1514 3228 ut

309 3257 353 3312 iili,
365 3271 413 3315 qne
423 3259 493 3318 plene
504 3262 572 3308 stetis
583 3267 626 3319 αἱ,
636 3261 657 3308 si
668 3261 738 3321 plene
749 3260 818 3308 etatis
828 3259 866 3316 sit,
877 3265 952 3306 terras
968 3263 993 3305 et
1008 3262 1144 3304 tenemento
1163 3257 1270 3317 predicte
1287 3271 1343 3304 cum
1363 3260 1514 3320 pertinentiis

308 3338 409 3386 reddere
420 3353 468 3386 non
480 3340 618 3390 debeamus.
652 3342 686 3389 Et
696 3343 862 3403 probscionem
874 3341 939 3387 illam
950 3341 985 3387 sic
995 3345 1090 3400 captam
1104 3338 1173 3386 nobis
1186 3340 1210 3385 in
1222 3341 1366 3387 cancellaria
1377 3348 1456 3388 nostra
1467 3347 1511 3392 snb

288 3420 385 3482 ¹sigillo
400 3433 444 3466 suo
460 3426 484 3466 ct
498 3421 590 3480 sigillis,
608 3435 652 3480 per
668 3437 727 3480 quoa
747 3424 810 3468 mets
827 3423 907 3478 fuerit,
922 3422 975 3468 sins
993 3421 1107 3468 dilatione
1125 3422 1204 3468 mitiss
1223 3427 1248 3468 et
1266 3423 1312 3468 hoc
1331 3424 1410 3470 breve.
1444 3424 1513 3474 Teste

309 3501 399 3562 meipso
409 3501 473 3562 apud
487 3501 723 3550 westmonasterium
734 3504 840 3550 secundo
851 3503 890 3550 die
902 3502 1049 3564 Septembris
1058 3517 1123 3548 anuo
1133 3504 1202 3564 regni
1213 3505 1287 3551 nostri
1296 3505 1413 3552 uicesimo
1422 3510 1513 3555 nono.”

308 3583 385 3630 'l'hera
402 3583 490 3630 istim
508 3583 557 3630 this
576 3584 743 3634 endorssment
759 3599 790 3631 on
812 3585 860 3631 this
879 3583 1134 3632 briefz—‘⁴lixecutio
1152 3585 1220 3632 iatius
1238 3587 1384 3646 probationis
1402 3594 1467 3648 patet
1486 3590 1511 3635 in

308 3665 413 3728 quedam
427 3666 568 3726 probatione
583 3665 640 3712 braio
656 3667 723 3713 brevi
741 3673 841 3713 consuta
852 3669 875 3723 ;”
890 3666 939 3712 and
956 3665 1042 3720 below,
1059 3666 1118 3712 “Et
1128 3666 1229 3714 ulterius
1245 3667 1311 3715 vobis
1327 3669 1430 3715 certifico
1445 3672 1510 3730 quod

307 3747 470 3808 infrascriptos
476 3748 600 3794 Jobsnnes
611 3747 749 3796 vicecomes
759 3754 868 3796 mortuus
878 3755 918 3795 est.
955 3748 1072 3795 Ricardas
1080 3747 1240 3809 Fymbeburn,
1248 3751 1359 3810 armiger,
1369 3750 1510 3800 vaecetcr,”

309 3827 393 3876 Hence
404 3829 445 3875 tbe
456 3829 584 3890 Serereign
595 3843 628 3890 up
640 3834 664 3876 to
676 3829 724 3877 this
733 3831 792 3877 time
811 3844 859 3878 wss
878 3819 1002 3878 uncertsin
1013 3845 1040 3876 ss
1051 3836 1075 3878 to
1087 3831 1128 3878 the
1138 3831 1187 3878 rete
1198 3831 1225 3877 oi
1241 3831 1278 3877 his
1288 3832 1379 3892 gallcnt
1388 3833 1512 3894 sonemus,

309 3910 395 3957 endas
408 3911 456 3957 tbis
466 3911 537 3971 proof
545 3912 572 3959 of
582 3925 627 3972 age
638 3927 686 3958 was
697 3911 817 3959 delivered
829 3913 879 3960 into
889 3913 931 3960 the
943 3911 1020 3960 Court
1028 3913 1055 3959 of
1063 3911 1189 3972 Channery
1199 3927 1230 3959 on
1241 3913 1283 3958 the
1294 3913 1352 3960 toth
1364 3915 1409 3974 day
1418 3915 1444 3962 of
1454 3915 1511 3978 Sep-

308 3994 406 4049 tember,
417 3992 449 4040 89
461 3992 524 4039 Heu.
539 3993 582 4040 vl.
595 3995 626 4053 by
637 3993 678 4040 tbe
688 3994 766 4041 hands
782 3995 809 4042 of
826 3994 933 4042 Willism
946 3993 1051 4046 Bellord.
1063 3994 1082 4040 it
1095 3993 1174 4039 would
1190 3993 1245 4054 only
1257 3995 1288 4040 be
1298 4009 1329 4041 on
1341 3995 1393 4041 tbst
1404 3997 1449 4056 day
1459 3999 1512 4046 tbst

307 4073 349 4120 the
360 4073 426 4120 trutb
438 4074 464 4120 of
473 4075 510 4122 his
517 4075 592 4136 being
602 4075 662 4122 alain
676 4089 723 4122 was
733 4075 839 4123 certifled
850 4081 875 4122 to
886 4077 924 4123 his
934 4075 1071 4134 Sossrsign.

339 4154 355 4214 †
373 4154 542 4216 Follringbsm,
553 4170 568 4202 a
579 4155 747 4203 marhettown
765 4158 814 4203 and
830 4157 909 4218 parisb
928 4157 953 4202 in
971 4156 1013 4203 the
1030 4153 1142 4202 hundred
1159 4155 1186 4202 of
1203 4155 1324 4212 Avelnnd‚
1341 4163 1405 4216 parts
1416 4157 1510 4208 ofKes.

307 4241 384 4292 maen,
397 4235 569 4294 Lincolnslrire,
583 4253 630 4284 was
646 4237 695 4284 also
706 4237 746 4285 tbs
758 4240 801 4285 site
813 4239 839 4284 of
853 4253 868 4284 a
879 4238 959 4294 caule,
971 4237 1059 4295 which,
1070 4238 1131 4284 after
1142 4239 1214 4298 being
1224 4237 1265 4284 the
1276 4239 1361 4298 capital
1374 4245 1422 4285 seat
1434 4241 1461 4286 of
1470 4243 1510 4291 tire
