3930 5088
541 657 799 704 vroroorrrrurr
824 658 1109 704 connosrnnurr.
1331 643 1391 701 105

249 809 436 874 irrotuletur
461 830 519 895 per
543 808 796 895 recognitionem
820 809 968 895 alicujus,
981 809 1036 894 qui
1061 831 1128 874 non
1154 809 1198 874 sit
1221 807 1268 874 ibi
1282 816 1394 888 notus,

250 912 303 976 vel
316 912 379 976 nisi
394 921 524 976 constet
538 912 578 976 de
594 935 653 976 sus
678 933 818 997 persona
843 933 902 998 per
925 911 1150 978 testimonium
1176 933 1233 976 sex
1247 911 1301 978 vel
1315 933 1395 994 qua·

250 1022 325 1077 tuor
338 1013 489 1098 legalium
509 1014 694 1093 hominum,
707 1014 764 1099 qui
779 1013 1044 1079 sintsufficientes
1067 1013 1109 1076 ad
1130 1012 1394 1098 respondendum

251 1123 319 1178 tam
344 1114 385 1181 de
410 1115 520 1181 debito
545 1137 643 1202 quam
671 1117 712 1181 de
738 1116 891 1201 dampno,
905 1115 994 1202 quod
1017 1114 1190 1179 habuerint
1215 1115 1314 1200 aliqui
1336 1136 1395 1200 per

251 1216 349 1302 hujus
371 1217 635 1303 recognitionem,
651 1219 679 1283 si
704 1240 776 1283 eam
799 1218 881 1282 falso
904 1216 974 1281 fieri
999 1217 1166 1302 contingat
1185 1216 1246 1281 sub
1262 1217 1394 1281 nomine

250 1317 406 1403 ipsorum.
450 1320 497 1384 Et
518 1342 577 1405 pro
603 1320 685 1386 libra
709 1318 854 1404 qualibet
871 1319 906 1384 in
921 1319 1009 1384 dicto
1031 1319 1171 1384 scacario
1185 1318 1394 1398 irrotulanda‚

251 1420 400 1486 denarius
421 1442 508 1485 unus
532 1422 677 1487 solvatur
700 1422 742 1485 ad
765 1443 848 1506 opus
874 1429 1022 1485 nosuum
1045 1443 1105 1508 pro
1120 1444 1217 1488 onere
1233 1431 1396 1488 sustenta-

251 1523 351 1588 tionis
366 1544 490 1602 eorum,
498 1544 581 1608 quos
595 1525 694 1610 hujus
708 1523 923 1589 irrotulationi
938 1523 1105 1588 intendere
1114 1523 1289 1610 oportebit.
1324 1524 1396 1589 Has

133 1649 135 1652 ’
252 1633 361 1689 autem
385 1623 551 1690 libertates
571 1636 605 1692 et
629 1627 745 1691 liberas
760 1626 1012 1692 consuetudines
1027 1626 1073 1690 eis
1089 1626 1319 1705 concessimus,
1339 1625 1397 1689 ha-

251 1724 375 1790 bendas
401 1723 464 1789 sibi
478 1734 512 1790 et
531 1727 704 1793 heredibus
728 1748 853 1807 eorum,
867 1726 1022 1812 quamdiu
1036 1747 1111 1812 erga
1132 1750 1193 1794 nos
1215 1738 1249 1793 et
1262 1728 1396 1793 heredes

253 1836 383 1891 nostros
408 1826 492 1892 bene
515 1838 550 1893 et
573 1830 710 1896 fideliter
736 1852 771 1896 se
793 1829 976 1910 habuerint,
990 1851 1056 1894 una
1070 1851 1145 1894 cum
1159 1829 1230 1894 aliis
1249 1830 1349 1915 justis
1364 1841 1398 1894 et

252 1929 497 1994 rationabilibus
522 1931 813 1997 consuetudinibus
828 1931 907 2011 suis,
921 1953 1002 2017 quas
1016 1931 1218 2017 temporibus
1230 1931 1398 2016 predeces-

254 2053 364 2096 sorum
373 2043 603 2099 nostrorumst
616 2047 732 2100 nostro
743 2035 900 2101 hactenus
911 2035 1103 2114 habuerunt,
1118 2043 1186 2098 tam
1197 2033 1238 2099 de
1252 2033 1355 2098 forma
1366 2043 1401 2098 et

253 2133 352 2198 modo
368 2134 543 2219 placitandi
558 2137 598 2203 de
613 2137 749 2219 tenuris,
765 2137 882 2203 debitis
897 2148 932 2203 et
944 2137 1138 2203 vadimoniis
1154 2136 1232 2216 suis,
1246 2157 1344 2222 quam
1359 2135 1400 2200 de

252 2233 323 2299 aliis
338 2236 583 2324 quibuscunque
603 2238 731 2306 casibus
746 2249 781 2305 et
794 2240 885 2327 ipsos
900 2250 935 2305 et
948 2239 1123 2306 Civitatem
1138 2239 1243 2325 ipsam
1265 2247 1401 2322 tangen-

252 2335 341 2401 tibus
350 2363 360 2417 3
379 2338 468 2417 dum,
479 2349 600 2420 tamen,
621 2341 873 2407 consuetudines
895 2341 949 2406 ille
960 2340 1086 2426 justitie
1103 2349 1137 2405 et
1154 2339 1251 2405 rectis
1274 2338 1399 2422 legibus

252 2441 410 2507 contrarie
429 2465 497 2507 non
517 2444 675 2520 existant3
691 2444 788 2509 salvis
810 2444 846 2509 in
868 2442 1022 2510 omnibus
1040 2442 1244 2508 libertatibus
1267 2441 1400 2506 ecclesie

252 2542 536 2612 westmonasterii
563 2544 682 2611 Abbati
704 2555 738 2610 et
757 2544 931 2611 Monachis
955 2543 1101 2629 ejusdem
1127 2543 1190 2608 loci
1215 2563 1275 2628 per
1297 2551 1400 2606 cartas

251 2653 444 2728 nostraslet
465 2649 731 2734 predecessorum
750 2659 947 2726 nostrorum,
972 2656 1159 2713 nostrorum
1179 2645 1306 2730 Regum
1330 2645 1444 2725 rin-so.
1456 2661 1502 2710 110
1514 2677 1582 2712 verso.

251 2748 326 2834 glie,
334 2751 508 2816 concessis.
552 2752 605 2816 De
616 2751 732 2816 Judeis
747 2759 855 2815 autem
871 2749 991 2814 nostris
1006 2759 1040 2814 et
1053 2746 1284 2814 mercatoribus
1296 2756 1401 2811 extra·

251 2853 333 2931 neis,
348 2861 444 2937 atque
459 2875 478 2915 a
493 2851 685 2937 supradictis
694 2850 959 2916 concessionibus
967 2849 1088 2913 nostris
1101 2869 1163 2912 nos
1177 2857 1212 2912 et
1226 2847 1400 2912 Civitatem

252 2962 398 3017 nostram
413 2953 591 3037 predictam
613 2953 831 3037 tangentibus,
849 2948 1103 3036 providebimus,
1126 2970 1187 3014 nos
1212 2957 1246 3014 et
1263 2949 1399 3014 heredes

252 3053 368 3131 nostri,
381 3061 479 3137 prout
492 3051 608 3116 melius
628 3050 724 3115 nobis
746 3046 929 3116 videbimus
951 3045 1112 3132 expedire.
1158 3045 1233 3111 Hiis
1248 3047 1400 3127 testibus,

254 3153 394 3220 Ricardo
422 3155 512 3239 Rege
526 3151 719 3218 Alamannia
743 3153 840 3217 fratre
854 3157 979 3228 nostro,
1007 3148 1168 3214 Edwardo
1183 3149 1399 3236 primogenito

256 3265 382 3335 nostro,
399 3255 576 3321 Edmundo
591 3254 657 3319 filio
672 3264 797 3334 nostro,
812 3254 940 3338 Rogero
956 3252 996 3317 de
1012 3251 1147 3316 Mortuo
1163 3250 1259 3328 Mari,
1272 3251 1398 3335 Rogare

254 3357 295 3422 de
319 3355 501 3438 Cliffordia,
525 3358 653 3442 Rogero
679 3358 720 3422 de
743 3355 927 3442 Leyburne,
954 3352 1099 3418 Roberto
1119 3350 1304 3430 Walerand,
1330 3351 1398 3416 Ro·

252 3457 346 3524 berto
366 3458 510 3544 Agulun,
532 3459 687 3544 magistro
712 3457 890 3524 Godefrido
907 3454 1045 3534 Giffard,
1064 3453 1253 3518 cancellario
1272 3462 1396 3533 nostro,

250 3561 396 3626 Waltero
418 3561 459 3626 de
486 3562 631 3640 Merton,
653 3561 809 3646 magistro
830 3557 983 3624 Joharme
1003 3557 1043 3621 de
1059 3553 1218 3620 Cheshull
1242 3554 1397 3620 archidia-

248 3687 331 3731 cono
346 3663 603 3742 Londoniarum,
617 3663 641 3729 J
642 3664 771 3728 ohanne
791 3659 877 3724 dela
892 3658 1018 3745 Lynde‚
1033 3658 1210 3723 Willielmo
1225 3657 1266 3722 de
1287 3658 1396 3737 Aette,

248 3779 282 3836 et
295 3769 376 3834 aliis.
416 3769 542 3833 Datum
557 3788 617 3852 per
630 3787 764 3830 manum
778 3771 925 3828 nostram
950 3761 1036 3847 apud
1053 3759 1396 3841 westmonasterium,

248 3873 403 3938 vicesimo
428 3879 521 3936 sexto
545 3869 598 3934 die
624 3867 747 3948 Martii,
768 3885 856 3931 anno
880 3862 971 3948 regni
998 3863 1103 3928 nostn'
1130 3862 1396 3949 quinquagesimo

248 3973 402 4039 secundo.

291 4075 389 4138 Anno
412 4073 528 4138 eodem
548 4071 690 4156 Iregatus
713 4069 847 4137 recessit
860 4093 880 4134 a
901 4067 1082 4134 Londoniis
1107 4087 1221 4131 versus
1245 4086 1333 4130 mare
1347 4064 1392 4150 iiij
1405 4085 1442 4133 De
1450 4100 1535 4161 sona
1547 4089 1589 4136 ns

247 4175 361 4241 Nonas
376 4173 467 4239 Julii.
1403 4157 1462 4211 Μ·

292 4299 406 4344 enno.
421 4296 495 4340 soc.
1202 4297 1222 4336 r
