3898 5022
839 579 1015 624 neesson.
1346 575 1353 586 ·
1426 560 1529 624 cxcvii

331 730 446 788 suerunt
458 729 523 788 inde
536 729 623 787 seisiti
645 730 673 787 in
688 731 827 789 dominico
842 752 893 790 suo
906 741 939 791 ut
952 733 987 792 de
999 733 1093 802 feodo,
1114 741 1143 790 et
1156 731 1318 808 hujusmodi
1337 739 1440 788 statum
1454 730 1531 789 dect

332 831 361 887 in
375 828 520 886 medietate
534 826 658 904 predicte
678 846 742 885 cum
756 829 884 886 omnihus
899 831 958 888 suis
971 830 1144 906 pertinentiis
1164 838 1288 906 ternpore
1309 829 1406 886 mortis
1420 827 1531 886 domine

334 927 419 982 Anne
432 923 481 982 diu
494 933 576 982 antee
589 931 617 981 et
630 932 728 1000 postes
747 925 989 983 continuavenmt.
1031 927 1071 984 Et
1084 926 1180 984 dicunt
1193 924 1269 1001 quod
1286 923 1383 982 eadem
1396 923 1532 982 medietas

331 1028 443 1079 tenetur
455 1021 490 1079 de
504 1021 617 1079 domino
633 1020 713 1097 Rege
726 1021 756 1077 in
769 1021 860 1098 eapite
881 1041 931 1098 per
952 1022 1101 1080 servicium
1115 1022 1244 1079 vicesime
1256 1021 1344 1097 partis
1357 1020 1441 1078 unius
1454 1019 1529 1078 feodi

333 1117 436 1185 militis,
451 1125 481 1176 et
493 1116 568 1175 valet
585 1135 635 1192 per
652 1136 757 1174 annum
770 1118 799 1174 in
813 1117 941 1176 omnibus
958 1118 1078 1176 exitibus
1092 1117 1166 1176 ultre
1184 1117 1305 1193 replices
1319 1117 1418 1191 viginti
1436 1116 1533 1174 libres.

334 1214 374 1272 Et
386 1213 484 1273 adem
496 1215 582 1272 Anna
596 1215 686 1272 tenuit
698 1213 815 1271 alteram
830 1213 1004 1272 medietatem
1014 1213 1140 1290 ejusdem
1148 1213 1264 1271 manerii
1278 1231 1343 1270 cum
1355 1213 1532 1289 pertinentiis

332 1314 361 1370 in
374 1313 513 1370 dominico
536 1331 587 1370 suo
608 1319 641 1370 ut
660 1311 695 1370 de
713 1311 798 1370 feodo
811 1311 927 1388 dieque
947 1312 1024 1371 obiit.
1067 1311 1107 1370 Et
1128 1311 1225 1369 dicunt
1238 1310 1314 1386 quod
1334 1310 1432 1368 eadem
1448 1311 1533 1370 Anne

333 1409 402 1466 obiit
415 1417 494 1467 sexto
505 1407 549 1466 die
562 1407 730 1466 Novembris
744 1409 844 1466 ultimo
857 1409 1000 1484 preterito,
1012 1417 1041 1466 et
1051 1407 1127 1484 quod
1136 1406 1295 1465 Willelmns
1309 1405 1384 1462 filius
1394 1405 1532 1464 Johannis

334 1506 514 1565 vicecomitis
525 1507 689 1574 Beeumont‚
700 1525 775 1563 nunc
788 1505 917 1563 dominus
932 1505 967 1564 de
979 1505 1106 1574 Bnrdolf,
1118 1513 1162 1563 est
1175 1504 1397 1581 consanguineus
1410 1513 1440 1562 et
1452 1504 1534 1564 heres

332 1603 458 1680 ejusdem
474 1607 566 1671 Anne,
586 1610 615 1660 et
632 1611 676 1661 est
695 1611 725 1662 et
736 1603 791 1660 luit
805 1604 886 1660 etatis
907 1603 956 1660 xvi
969 1621 1106 1660 annorum
1124 1602 1169 1660 die
1187 1602 1305 1660 Veneris
1325 1601 1452 1678 proximo
1469 1610 1534 1680 post

332 1701 437 1757 festum
452 1697 548 1756 Sancti
564 1697 658 1754 Marci
674 1696 854 1771 Evangeliste
872 1697 971 1754 ultimo
984 1698 1116 1773 preterito
1129 1699 1283 1756 antediem
1296 1698 1435 1773 capeionie
1447 1698 1533 1776 hujus

333 1792 572 1870 inquisitionis.”*
615 1793 746 1851 Another
759 1792 930 1868 inquisition,
944 1793 1036 1851 which
1049 1813 1106 1851 was
1124 1795 1208 1852 taken
1222 1802 1253 1853 at
1266 1795 1363 1862 Ware,
1380 1795 1450 1853 luth
1464 1795 1535 1854 Feb.

334 1891 430 1948 before
446 1888 572 1946 Richard
586 1888 620 1946 de
634 1888 661 1946 la
676 1887 769 1956 Felde,
791 1887 937 1947 escheator
949 1889 982 1946 of
1001 1889 1225 1960 Hertfordshire‚
1245 1891 1345 1950 recites
1358 1892 1408 1950 the
1421 1891 1535 1951 deseent

335 1988 369 2045 oi
378 1985 427 2043 the
440 2003 539 2042 maner
549 1984 582 2043 of
592 1985 719 2053 wattun,
735 2003 766 2042 es
780 1984 879 2054 above,
894 1983 976 2043 down
986 1993 1016 2044 to
1028 1986 1163 2057 Thomas,
1177 1987 1233 2046 late
1244 1987 1323 2046 Lord
1337 1987 1463 2056 Bardolf,
1477 1988 1533 2045 end

334 2085 461 2142 contains
482 2081 539 2140 this
561 2089 728 2141 statement:
751 2082 854 2140 “idem
869 2082 996 2142 Thomna
1017 2084 1052 2143 de
1073 2085 1199 2145 manerio
1221 2085 1347 2164 predicto
1365 2103 1430 2142 curn
1448 2085 1534 2162 perti·

334 2181 436 2238 nentiis
454 2179 510 2238 fuit
531 2180 643 2238 seisitus
665 2181 693 2237 in
715 2179 854 2239 dominico
876 2200 928 2238 suo
941 2189 974 2239 ut
994 2181 1030 2239 de
1043 2181 1128 2240 feodo
1144 2182 1250 2242 tellisto
1265 2201 1314 2258 per
1333 2181 1454 2240 formam
1467 2182 1534 2240 doni

333 2278 462 2355 predicti,
475 2285 504 2335 ct
514 2277 612 2335 hebuit
621 2278 725 2336 exitum
737 2280 852 2336 Annam
864 2279 893 2335 in
904 2279 1029 2355 predicto
1039 2281 1119 2338 brevi
1127 2281 1307 2347 nominatum,
1318 2298 1407 2356 nuper
1419 2297 1534 2336 uxorem

335 2374 469 2431 Willelmi
485 2374 612 2452 Clyilord
624 2374 729 2443 militis,
743 2383 772 2431 et
784 2381 981 2451 postmortem
994 2375 1119 2452 ejusdem
1129 2375 1264 2434 willermi
1276 2375 1403 2454 clyfford
1416 2383 1534 2451 nuptam

337 2471 496 2548 Regionido
521 2472 650 2531 Cohhsm
668 2472 759 2540 militi,
780 2481 809 2531 et
828 2471 988 2533 Johannam
1005 2493 1095 2551 nuper
1115 2492 1232 2532 uxorem
1257 2471 1393 2532 Willelmi
1416 2472 1534 2551 Phelipp

333 2569 437 2637 militis,
451 2587 540 2645 nuper
553 2569 659 2627 domini
672 2570 707 2626 de
722 2569 848 2639 Burdolf,
862 2579 892 2628 et
904 2573 983 2628 obiit.
1020 2572 1091 2630 Post
1100 2574 1180 2648 cujus
1190 2578 1310 2628 mortem
1320 2569 1393 2630 dicte
1408 2571 1495 2628 Anne
1507 2579 1536 2629 et

334 2665 446 2724 Joenne
458 2662 573 2721 suerunt
587 2663 679 2722 seisite
693 2662 727 2720 de
745 2665 868 2721 manerio
889 2666 1014 2740 predicto
1028 2685 1093 2723 cum
1105 2665 1279 2742 pertinentiis
1292 2664 1321 2722 in
1331 2663 1470 2723 dominico
1484 2685 1536 2725 suo

333 2770 367 2820 ut
384 2761 419 2819 de
439 2760 523 2819 feodo
536 2761 643 2818 tallieto
656 2779 706 2836 per
719 2760 838 2816 formam
852 2760 918 2817 doni
936 2761 1062 2836 predicti.
1103 2762 1192 2819 lidem
1203 2760 1362 2818 Willelmus
1376 2761 1495 2838 Phelipp
1508 2771 1538 2820 et

335 2859 469 2918 Johannc
488 2857 647 2916 hahuerunt
660 2857 765 2913 exitum
784 2855 987 2922 Elizebethnm‚
1002 2875 1087 2932 quam
1100 2857 1246 2916 lohannes
1265 2857 1428 2914 Vroecomes
1444 2857 1535 2915 Benn-

334 2965 416 3015 mont
429 2956 509 3014 duxit
521 2955 550 3013 in
563 2973 690 3022 tuorem,
710 2952 850 3028 iidemque
858 2952 1025 3010 Vicecomes
1037 2961 1067 3010 et
1081 2951 1246 3009 Elinabethe
1259 2951 1417 3010 habuerunt
1430 2953 1536 3010 exitum

336 3052 520 3126 Willelmum,
529 3071 603 3109 nunc
613 3050 757 3109 dominum
767 3049 802 3106 de
811 3048 938 3118 Bardolf,
948 3048 1086 3126 iidemque
1096 3047 1256 3106 Willelmus
1266 3047 1394 3126 Phelipp,
1403 3048 1536 3108 Johanne

335 3156 364 3203 et
385 3148 550 3207 Elisabeths
563 3149 700 3215 obierunt,
721 3155 751 3205 et
770 3155 867 3223 postes
883 3145 1007 3223 predicte
1022 3148 1109 3205 Anne
1128 3145 1198 3204 obiit
1218 3147 1313 3203 seisito
1332 3146 1367 3204 de
1387 3147 1536 3206 medietate

337 3245 452 3300 manerii
474 3247 591 3321 predicti
614 3265 678 3303 cum
699 3244 874 3322 pertinentiis
892 3244 922 3300 in
944 3242 1082 3302 dominico
1105 3262 1156 3302 suo
1175 3251 1208 3301 ut
1226 3243 1261 3302 de
1280 3243 1364 3303 feodo
1378 3244 1487 3302 telliato
1507 3245 1537 3302 in

370 3398 384 3424 ⁴
402 3398 549 3458 Apparently
560 3399 601 3445 the
611 3399 698 3458 moiety
709 3399 735 3446 oi
743 3401 784 3446 the
795 3415 879 3446 manor
890 3400 916 3446 ol
928 3398 1048 3457 Sheliord‚
1059 3400 1138 3447 which
1150 3415 1198 3448 wu
1208 3401 1235 3448 oi
1243 3402 1284 3448 the
1296 3401 1456 3462 Everingham
1467 3401 1512 3460 lea,
1523 3417 1538 3449 a

337 3480 418 3540 family
429 3480 455 3526 in
466 3480 545 3526 which
557 3480 598 3526 the
609 3480 793 3539 representation
810 3480 837 3527 oi
850 3480 891 3527 the
902 3481 962 3527 linea
973 3483 1000 3528 ol
1014 3480 1084 3528 caux
1095 3483 1143 3528 end
1156 3482 1247 3529 Berkin
1258 3483 1306 3529 had
1317 3483 1405 3541 vested,
1417 3483 1465 3529 had
1476 3483 1537 3530 been

336 3560 387 3606 sold
398 3561 463 3621 prior
473 3566 498 3606 ιο
509 3559 550 3606 the
560 3560 658 3606 decem
669 3558 696 3605 oi
710 3559 827 3619 Reginnld
839 3560 869 3606 de
880 3559 1041 3621 Everingham
1052 3562 1102 3608 and
1112 3563 1139 3609 oi
1157 3562 1195 3609 his
1206 3578 1248 3609 son
1262 3563 1378 3610 Edmnnd
1389 3564 1415 3609 in
1425 3564 1467 3610 the
1479 3563 1537 3612 ltth

337 3642 390 3690 nio.
403 3643 440 3691 11.
452 3641 553 3701 1391-2,
563 3656 589 3687 ae
599 3641 666 3687 there
677 3641 697 3686 is
708 3655 739 3686 ne
750 3641 856 3688 mention
868 3642 895 3688 ot
908 3641 971 3688 their
981 3643 1054 3704 being
1067 3644 1146 3691 ssized
1156 3645 1184 3692 oi
1191 3646 1239 3692 thia
1250 3646 1338 3706 moiety
1348 3646 1374 3691 in
1385 3645 1427 3691 the
1437 3645 1537 3704 inquisi-

336 3723 387 3770 tion
398 3722 471 3770 taken
481 3722 543 3771 atta
553 3723 616 3770 their
632 3721 735 3780 deeths;
750 3721 799 3768 and
819 3721 894 3769 hence
910 3722 958 3769 this
974 3723 1062 3784 moiety
1073 3723 1146 3786 hetng
1162 3724 1219 3772 held
1235 3725 1261 3771 in
1277 3724 1315 3772 tec
1331 3725 1362 3784 hy
1373 3725 1453 3782 Anne,
1471 3724 1538 3786 lady

229 3837 231 3842 -
337 3804 452 3864 Oobham,
463 3804 505 3852 she
517 3819 564 3852 wea
575 3804 724 3864 smpowered
735 3809 761 3850 to
770 3808 842 3866 grant
852 3804 872 3852 it
888 3810 914 3851 to
930 3805 971 3851 the
981 3805 1075 3852 teodeea
1085 3809 1172 3853 nomed
1184 3807 1209 3852 in
1220 3806 1262 3853 the
1272 3812 1332 3865 text,
1349 3820 1395 3853 one
1414 3805 1441 3852 ot
1458 3806 1537 3854 whom

337 3899 384 3933 was
396 3887 500 3933 Riohard
512 3886 671 3948 Illingworth,
682 3886 761 3932 whose
777 3900 819 3932 son
835 3886 884 3932 end
896 3886 955 3944 heir,
967 3886 1054 3948 ltalph‚
1065 3886 1096 3937 17
1115 3888 1184 3936 lldw,
1202 3887 1247 3935 tv.
1266 3885 1535 3948 147⁷,ecknew10dged

337 3967 433 4013 himself
441 3973 466 4014 to
476 3968 534 4014 hold
545 3969 586 4015 the
603 3983 686 4014 msner
696 3967 723 4014 oi
738 3967 858 4027 Sheliord,
877 3968 954 4014 oelled
967 3967 1126 4029 Everingham
1144 3969 1200 4026 Fee,
1211 3969 1238 4016 ol
1251 3969 1293 4015 the
1304 3969 1370 4029 Κίος
1382 3968 1407 4014 in
1418 3968 1489 4025 chief,
1500 3969 1537 4015 tor

338 4046 390 4092 hall
397 4061 412 4092 a
423 4046 529 4106 knight's
540 4048 587 4094 list.
621 4047 671 4093 'l'he
682 4047 751 4093 other
767 4048 853 4106 moiety
865 4062 913 4094 was
923 4048 964 4094 the
977 4047 1077 4094 Barduli
1092 4049 1149 4106 Fee,
1159 4050 1208 4096 and
1220 4049 1302 4109 possed
1313 4056 1338 4096 to
1349 4049 1392 4094 her
1403 4049 1462 4106 heir,
1474 4047 1535 4096 Wil-

337 4127 402 4184 liam,
414 4127 530 4175 Visoount
542 4127 683 4186 Beanmont‚
694 4127 766 4188 along
778 4128 835 4175 with
847 4127 922 4175 Stoke
933 4128 1034 4175 Bardoll
1042 4143 1133 4187 monor,
1145 4131 1170 4176 in
1181 4130 1222 4176 tha
1233 4131 1313 4190 perish
1324 4129 1351 4176 oi
1363 4129 1477 4189 Gedling.
