3886 5010
724 599 924 646 srsnnurx.
1331 591 1397 652 231*

245 752 400 799 unctionibus
417 752 485 801 isetis
503 753 707 814 predeoessoribus
718 755 831 816 ipsorum.
864 753 1052 816 Verumptsmsn
1063 753 1300 804 nonnionem
1316 771 1399 806 sersus

246 837 354 882 mensos
363 849 418 882 snos
427 837 538 884 seisinsm
548 836 580 884 de
590 836 807 899 seou'shujusmodi
817 851 958 899 reeupersre
968 850 1018 884 nou
1028 841 1142 898 poterunt
1151 850 1195 899 por
1203 837 1324 897 domim
1335 841 1398 888 siout

246 927 290 960 neo
301 915 417 963 hsomnus
426 917 478 964 fleri
490 917 622 966 oonsuesit.

279 995 318 1042 De
327 998 396 1043 sectis
405 1005 485 1044 eutem
494 1013 542 1059 qne
549 1005 605 1046 ente
613 1003 708 1060 tempus
715 999 878 1059 supmdietum
888 1001 1008 1047 subtrsots
1018 998 1116 1057 iuer-int,
1127 1003 1208 1046 eum
1216 998 1256 1046 lex
1264 1001 1397 1048 eommunis
1408 997 1461 1047 mir.

245 1075 308 1122 siout
317 1078 384 1137 prius
394 1093 489 1126 currere
500 1080 630 1128 oonsuerit.

278 1157 317 1206 De
326 1163 404 1208 turnis
413 1161 587 1209 Vioeoomitum
601 1163 723 1223 provisum
740 1168 776 1210 est
792 1169 820 1210 ut
834 1177 929 1210 neotus
942 1177 992 1211 non
1008 1164 1112 1210 hubam
1125 1163 1159 1209 ibl
1169 1163 1250 1210 venire
1260 1163 1396 1226 Arehiepie-
1407 1171 1449 1205 Ε·

246 1241 307 1300 eopi,
317 1241 435 1303 lipisoopi,
441 1245 554 1301 Abbsm,
564 1243 666 1298 Pn'ores,
676 1241 788 1301 comtos,
797 1243 909 1301 hmines,
918 1258 962 1290 neo
970 1244 1046 1305 ntiqui
1053 1245 1098 1290 riri
1106 1243 1219 1306 religiosi,
1226 1259 1268 1292 seu
1276 1247 1396 1304 muliero,

246 1321 434 1382 nisispeeisliter
444 1337 527 1372 eornm
538 1323 656 1383 presentis
666 1323 794 1382 engeten
808 1323 850 1370 sed
870 1329 980 1371 tenemur
997 1330 1085 1372 turnus
1099 1324 1163 1371 siout
1178 1327 1327 1386 temporibus
1342 1341 1396 1388 pre7

246 1402 396 1452 decessorum
408 1404 508 1451 Domini
520 1405 592 1464 Regis
602 1405 678 1450 teneri
689 1405 818 1452 consuerit.
852 1405 885 1452 Et
898 1406 972 1466 siqui
988 1406 1014 1454 in
1032 1405 1165 1452 hundredis
1180 1407 1278 1454 disemis
1291 1409 1397 1456 missus

245 1489 389 1542 tenemsnm,
400 1499 449 1531 non
459 1487 564 1533 hsbesnt
574 1486 705 1533 neoeuesd
716 1487 943 1549 hujusmoditurnos
951 1489 1033 1536 renim
1042 1487 1089 1534 uisi
1100 1488 1125 1534 in
1136 1487 1297 1545 omniviouoi
1305 1489 1395 1538 merint

245 1572 421 1612 eonsensum.
454 1567 485 1613 Et
496 1571 623 1614 tenentur
634 1569 700 1614 turni
708 1568 841 1615 seeundum
853 1569 953 1616 iormnm
964 1568 1054 1632 iisqne
1064 1569 1135 1616 (terte
1144 1568 1223 1629 Regis,
1232 1569 1295 1616 siout
1304 1575 1398 1631 tempo-

245 1646 313 1692 rssrus
325 1644 420 1706 negem
431 1645 530 1695 Riosrdi
541 1653 566 1696 et
575 1649 694 1696 Johsunis
704 1651 780 1696 teneri
791 1655 972 1700 oonsuererunt.

279 1727 403 1774 Provisum
414 1735 450 1777 est
459 1729 530 1776 etium
541 1729 606 1789 quod
617 1744 664 1776 nee
673 1731 699 1776 in
710 1731 794 1778 ttinere
801 1731 819 1777 J
819 1731 994 1779 ustioisriorum
1001 1745 1047 1778 neo
1055 1732 1080 1778 iu
1089 1731 1247 1790 oomimstbm,
1255 1731 1394 1792 hundredis,
1406 1734 1455 1796 κη’.

245 1821 291 1856 neo
308 1810 333 1856 in
351 1813 424 1859 ouriis
444 1812 565 1860 &mum
584 1813 615 1859 de
634 1819 712 1860 ostere
722 1812 849 1872 sepiuntur
858 1814 889 1859 sb
902 1813 1023 1874 stiqnibus
1037 1813 1098 1861 flnes
1112 1829 1156 1874 pro
1167 1814 1250 1875 putore
1260 1814 1396 1875 plsoitsnde

245 1903 327 1951 nsque
335 1907 379 1953 pro
389 1893 423 1940 sio
434 1899 462 1941 ut
472 1909 521 1940 nou
531 1894 719 1941 ooossionentur.
752 1892 785 1940 lit
800 1893 925 1940 soiendum
941 1899 976 1941 est
990 1894 1055 1953 quod
1070 1909 1114 1955 per
1124 1894 1193 1946 istem
1203 1896 1396 1942 eonstitutiouem

245 1985 294 2018 non
311 1973 430 2021 tolluntur
443 1975 503 2022 iinee
517 1976 575 2022 oeni
586 1989 628 2022 seu
639 1975 793 2035 proststionee
803 1979 910 2021 mntste
919 1988 935 2021 e
944 1979 1051 2035 tempore
1062 1989 1111 2035 quo
1123 1974 1242 2023 Dominus
1253 1976 1308 2023 Rex
1316 1976 1396 2038 primo

246 2055 405 2103 uunsireterit
414 2057 441 2102 in
453 2058 578 2105 Britsnnin
587 2071 666 2118 usque
674 2071 748 2104 nuno.

279 2135 310 2182 In
321 2137 408 2196 puoso
418 2151 473 2185 vero
483 2139 546 2186 noes
556 2141 621 2200 quoe
636 2139 725 2186 neor
736 2139 809 2186 enee
820 2137 900 2185 eoem
911 2138 984 2184 monn
995 2139 1076 2196 meet,
1088 2139 1159 2186 eom
1169 2139 1200 2185 ue
1210 2143 1288 2186 essem
1299 2139 1332 2202 iij
1344 2140 1397 2188 nes
1407 2129 1466 2194 mi·

245 2229 291 2276 per
300 2229 392 2263 snnum
401 2222 425 2263 et
435 2217 522 2278 plnres,
533 2219 684 2266 eioommode
694 2219 746 2266 iteri
756 2219 838 2280 possit,
850 2219 883 2265 itu
894 2218 960 2280 quod
970 2219 1074 2266 iebant
1083 2219 1106 2267 ri
1116 2219 1168 2267 dies
1177 2218 1238 2265 reis
1248 2233 1292 2280 per
1301 2235 1394 2268 unum

246 2297 281 2343 sd
292 2296 382 2346 minus,

280 2377 311 2424 in
322 2378 393 2425 sssiss
403 2384 485 2427 sutem
495 2379 580 2428 ultime
590 2380 770 2442 presentationis
780 2387 805 2428 et
815 2381 841 2427 iu
851 2379 939 2442 pisoito
947 2379 1026 2438 Qusre
1034 2381 1135 2442 inpedit
1153 2381 1184 2428 de
1194 2381 1300 2429 eoelesiis
1308 2395 1397 2430 reeen-
1408 2386 1478 2450 aiij.

245 2459 310 2507 tibus
319 2461 391 2508 detur
401 2463 452 2510 dies
462 2462 493 2510 de
503 2463 627 2524 quindeno
637 2464 663 2510 in
673 2464 822 2525 quindenam
832 2463 870 2511 vei
881 2464 912 2510 de
922 2463 999 2511 uibus
1009 2464 1147 2526 septimsnis
1157 2465 1183 2511 in
1195 2470 1243 2512 tres
1253 2466 1398 2526 septimnnns

245 2548 317 2602 prout
326 2543 393 2590 loeus
402 2545 560 2606 propinquius
570 2546 643 2593 tuerit
653 2547 691 2593 rei
701 2551 814 2594 remotus.
840 2546 873 2594 its
883 2545 909 2592 in
920 2545 1007 2606 pisotto
1019 2546 1099 2602 Quare
1109 2546 1210 2608 impedit
1220 2547 1241 2593 ei
1251 2547 1395 2608 sdpn'mum

245 2623 310 2671 diem
325 2625 356 2670 ed
373 2639 447 2685 quem
461 2628 619 2674 summonitus
636 2628 709 2675 tuerit
726 2643 775 2675 non
786 2629 878 2675 venerit
888 2641 933 2674 neo
944 2628 1062 2675 essonium
1074 2629 1172 2685 miserit,
1182 2633 1242 2676 tuno
1251 2629 1396 2676 emetiatur

244 2705 277 2750 sd
288 2705 352 2751 diem
359 2706 434 2752 stium
446 2723 454 2763 ς
464 2719 513 2765 quo
524 2707 594 2752 diesi
605 2720 654 2753 non
664 2709 757 2754 senemt
766 2721 811 2753 neo
820 2708 938 2754 eeeonium
953 2704 959 2769 Ι
971 2708 1058 2764 mittat,
1065 2708 1224 2768 dismingstnr
1231 2721 1275 2768 per
1282 2717 1439 2778 msgnsmso,
1453 2716 1498 2766 151
1511 2725 1544 2768 vo,

246 2785 417 2831 districtionom
427 2785 536 2845 superius
546 2785 643 2842 dietam,
654 2791 679 2832 et
689 2787 708 2832 si
719 2794 779 2832 tuno
793 2800 843 2833 non
854 2787 945 2833 venerit
955 2801 999 2846 per
1009 2789 1060 2848 ojus
1070 2787 1183 2833 deinltem
1198 2789 1316 2835 seribetur
1326 2789 1396 2849 Epis·

246 2879 307 2925 oopo
322 2864 387 2924 qnod
407 2863 543 2910 reoismstio
554 2863 723 2924 impeditorum
739 2864 781 2910 ills
792 2867 843 2912 vioe
858 2867 1014 2925 oonquerenti
1033 2879 1082 2912 non
1100 2867 1205 2924 obsistet,
1221 2867 1286 2914 selvo
1295 2868 1395 2929 impedi-

246 2947 295 2996 sori
305 2945 364 2992 sitss
371 2946 427 3008 jure
436 2953 488 3003 suo,
499 2957 556 2992 oum
567 2945 624 2991 indo
634 2943 702 3004 loqui
713 2945 822 2994 soluerit.

279 3027 371 3075 iisdem
387 3028 429 3074 lex
447 3027 478 3074 de
495 3027 685 3074 stmehisrnentis
704 3027 819 3074 iseiendts
840 3029 867 3074 in
882 3027 992 3074 omnibus
1013 3027 1132 3087 brevibus,
1153 3029 1196 3076 ubi
1211 3029 1396 3078 ettsohisnieuts
1407 3027 1487 3090 :cmiii

241 3111 332 3172 jsoent,
348 3110 379 3157 de
395 3115 475 3156 eetero
492 3107 572 3169 quosd
589 3107 747 3155 distriotionee
758 3108 885 3166 tsoiendm,
896 3108 996 3155 tirmiter
1011 3109 1164 3169 observeturg
1180 3110 1214 3157 its
1231 3115 1312 3158 meu
1329 3113 1395 3172 quod

245 3194 379 3240 seeundum
388 3193 601 3240 sttsehismeutum
611 3193 642 3239 sit
652 3205 695 3253 per
705 3192 814 3239 meliores
824 3192 920 3254 plegios,
932 3197 957 3239 et
967 3193 1118 3254 postmodum
1128 3195 1214 3242 ultime
1224 3195 1347 3245 districtio.

279 3274 312 3320 Et
322 3273 445 3320 soieudum
456 3279 492 3320 est
502 3273 567 3333 quod
574 3278 700 3334 postquem
708 3273 796 3334 uliquis
802 3274 937 3334 posueritse
945 3274 971 3319 in
983 3273 1136 3333 inquisitione
1144 3275 1232 3335 ulique,
1239 3290 1288 3336 que
1298 3277 1394 3326 emersit
1406 3304 1458 3338 m,

244 3353 283 3400 rel
301 3367 420 3414 emergere
436 3359 513 3413 potest
527 3354 554 3400 in
572 3353 711 3414 hujusmodi
727 3355 846 3413 brevibus,
864 3369 912 3401 non
929 3355 1027 3402 hebebit
1045 3355 1091 3402 n'mi
1106 3356 1207 3403 unioum
1222 3357 1341 3403 eeeonium
1357 3360 1395 3406 vei

245 3437 342 3484 unioem
359 3435 481 3492 deisltnm,
497 3435 532 3482 its
543 3436 608 3494 quod
618 3437 638 3482 si
649 3437 680 3482 sd
691 3437 756 3482 diem
766 3437 811 3483 sibi
822 3437 906 3484 dstum
916 3450 960 3498 per
970 3438 1088 3484 eeeonium
1103 3453 1174 3485 suum
1190 3453 1238 3486 non
1250 3439 1341 3486 venerit
1351 3445 1394 3488 uut

243 3518 378 3566 seeundum
389 3515 502 3561 detritum
512 3515 603 3570 iecerit,
619 3519 681 3562 tuno
695 3516 817 3576 inquisitio
832 3517 874 3563 ills
884 3531 927 3578 per
937 3517 1050 3564 ioelum
1061 3519 1136 3579 ipsius
1146 3521 1262 3583 espistur,
1274 3527 1298 3568 et
1308 3536 1393 3569 seeun-

245 3601 305 3647 dum
322 3597 499 3661 inquisitionem
516 3594 547 3642 ed
561 3595 681 3657 juditium
699 3597 849 3656 pruoedstur.
883 3597 911 3644 Si
925 3611 980 3644 sero
996 3598 1119 3659 inquisitio
1134 3601 1177 3648 iiio
1193 3609 1263 3664 ospts
1279 3603 1352 3652 inerit
1367 3606 1393 3652 in

244 3683 367 3740 comitem,
375 3693 455 3727 eorem
466 3683 604 3725 eoronstoio
615 3677 651 3723 rel
662 3677 679 3724 J
681 3677 805 3725 ustioieriie
814 3677 923 3726 Dominis
938 3677 1012 3741 Regis
1021 3681 1053 3727 ed
1064 3687 1157 3728 eertum
1167 3684 1232 3732 diem
1243 3686 1392 3746 remittendo

245 3771 270 3812 et
279 3779 334 3826 perr
343 3779 385 3811 ree
395 3777 444 3810 non
454 3761 546 3808 venerit
556 3759 587 3806 ed
599 3759 663 3806 diem
674 3759 751 3818 illum,
767 3765 826 3807 tune
838 3767 934 3822 propter
944 3762 1057 3810 deiuttem
1073 3764 1147 3824 ipsius
1157 3767 1290 3828 essignetur
1299 3768 1322 3814 ei
1332 3767 1393 3815 nius

244 3842 297 3891 dies
313 3845 446 3892 seeundum
471 3843 637 3892 discretionem
654 3841 672 3889 J
672 3842 846 3890 ustioinriomm
856 3860 864 3900 ς
884 3843 915 3889 sd
937 3858 1011 3904 quem
1029 3845 1101 3904 diem,
1120 3847 1141 3894 si
1158 3862 1205 3894 non
1224 3849 1323 3908 venerit,
1338 3863 1393 3910 pro·

244 3925 345 3971 uedstur
354 3925 386 3971 ed
393 3925 514 3986 judicium
524 3930 622 3987 propter
631 3924 744 3972 dettitsm
754 3937 830 3972 sum.
847 3923 939 3972 Eodem
949 3926 1021 3974 modo
1031 3927 1080 3985 tot,
1099 3928 1119 3974 si
1135 3943 1184 3975 non
1194 3929 1275 3976 reniet
1285 3931 1316 3977 sd
1328 3931 1394 3978 diem

244 4005 290 4053 sibi
301 4005 384 4050 dutum
396 4017 438 4064 per
448 4007 567 4052 eeeonium
577 4019 657 4054 suum.

278 4084 317 4133 Do
328 4085 398 4131 esrtis
409 4097 464 4131 roro
474 4087 632 4146 exemptionis
641 4094 666 4135 ot
676 4087 791 4136 iibmtstis
801 4099 834 4134 ne
843 4090 964 4148 ponentur
974 4085 1127 4147 impetrantes
1138 4088 1163 4134 in
1174 4089 1250 4135 enisis
1257 4089 1344 4150 juretis
1355 4091 1392 4137 sel
1404 4094 1466 4158 moy.

243 4167 454 4230 roeognitionibus,
469 4167 592 4228 prouisum
609 4175 644 4216 est
659 4169 725 4230 quod
742 4170 836 4218 siedeo
850 4167 1007 4218 neoeurium
1017 4169 1049 4216 sit
1059 4153 1392 4233 oomnjmsmmtim'quoi
