3856 5038
800 631 979 676 recreor.
1453 613 1493 678 cli

333 781 466 841 Probatio
486 781 569 839 etatis
589 780 730 850 Johanne,
752 781 835 840 unius
855 782 978 842 filiarum
991 791 1021 840 et
1039 781 1177 842 heredum
1202 779 1313 838 Thome
1332 781 1444 840 domiue
1458 783 1493 842 de

292 880 413 939 Burdolf
433 879 568 947 defuncti,
591 881 639 956 qui
661 880 696 938 de
719 880 798 956 Rege
817 882 908 939 tenuit
928 881 956 937 in
979 881 1080 957 capite,
1100 899 1184 956 quem
1199 879 1359 938 Willelmue
1374 879 1494 960 Phelipp

291 979 371 1036 duxit
383 978 412 1034 in
425 995 550 1044 uxorem,
565 975 639 1053 apud
655 976 844 1054 Conyngeeby
858 978 886 1032 in
907 978 1041 1036 comitutu
1063 975 1265 1034 Linoolniedie
1281 975 1396 1036 sabbati
1410 997 1494 1052 prox·

289 1077 346 1132 imo
360 1083 424 1152 poet
436 1074 540 1131 festum
556 1073 689 1150 Corporis
710 1073 825 1142 Christi,
840 1093 914 1132 anuo
935 1075 1014 1150 regni
1029 1075 1118 1150 Regis
1133 1073 1251 1132 Henrici
1265 1074 1360 1149 quarti
1373 1073 1492 1144 decimo,

290 1191 385 1230 corum
398 1170 419 1229 J
420 1169 529 1227 ohanne
540 1168 668 1245 Hencge,
682 1173 734 1226 dm.
746 1188 796 1244 per
809 1179 1014 1228 recrementum
1030 1171 1191 1245 juratorum
1215 1169 1446 1245 subscriptorum,
1465 1179 1494 1228 et

290 1287 375 1345 super
387 1275 489 1326 etatem
510 1266 633 1342 predicte
646 1266 778 1326 Johaune
799 1285 850 1342 pro
873 1286 903 1324 se
918 1267 1066 1342 seperatim
1087 1265 1328 1332 examinatorum
1352 1265 1493 1334 videlicet,

290 1364 430 1423 Johunuis
445 1365 555 1441 Derby,
568 1365 651 1421 etetie
664 1364 694 1420 lx
707 1383 854 1431 annorum,
870 1383 921 1440 pro
935 1383 964 1420 ee
988 1363 1022 1422 de
1043 1370 1117 1422 etate
1138 1362 1262 1439 predicte
1275 1362 1407 1420 Joheuue
1428 1383 1494 1422 exe·

290 1462 405 1530 minati3
425 1462 474 1538 qui
487 1460 556 1518 dicit
579 1461 655 1537 quod
675 1462 783 1538 prefato
796 1459 928 1520 Johnuue
945 1469 1013 1520 neta
1032 1461 1088 1519 fuit
1100 1461 1129 1518 in
1144 1467 1236 1520 castro
1249 1459 1284 1516 de
1300 1459 1445 1518 Tutersole
1465 1462 1494 1518 in

290 1559 424 1615 comitatu
438 1555 562 1633 predicto
584 1558 662 1614 etin
683 1558 801 1614 ecclesia
818 1557 971 1634 parochiali
992 1556 1026 1614 de
1041 1555 1187 1614 Tetereele
1210 1555 1351 1630 baptizata
1372 1555 1402 1612 in
1421 1556 1494 1614 festo

291 1655 381 1712 murti
395 1654 515 1711 Martini
533 1655 562 1709 in
583 1652 693 1730 hyeme,
713 1673 786 1712 enno
806 1655 886 1729 regni
912 1653 1030 1710 Domini
1045 1652 1160 1710 Ricardi
1181 1669 1270 1727 nuper
1285 1650 1372 1726 Regis
1388 1653 1495 1730 Anglie

290 1751 359 1807 xiiii.
402 1749 565 1824 Requisitue
579 1750 700 1825 qualiter
719 1749 773 1807 hoc
794 1751 892 1818 noscit,
914 1749 982 1808 dicit
1002 1748 1078 1824 quod
1097 1749 1157 1825 ipse
1176 1748 1232 1805 fuit
1255 1749 1283 1804 in
1297 1748 1415 1806 ecclesie
1429 1767 1493 1824 pre-

292 1846 368 1903 dicte
390 1853 515 1919 tempore
537 1843 737 1920 baptizecionie
751 1845 876 1920 predicte
888 1843 1019 1902 Johanne
1040 1852 1070 1902 et
1083 1843 1152 1902 vidit
1174 1863 1235 1902 cem
1258 1843 1292 1902 de
1315 1845 1494 1904 sacrofonte

291 1941 379 1999 levari
390 1949 419 1997 et
427 1939 592 2015 providebat
601 1940 691 1996 cidem
701 1938 722 1997 J
723 1940 834 1998 ohanne
845 1941 985 2017 quendem
994 1941 1141 2008 nutricem,
1155 1959 1210 2016 que
1221 1940 1324 1997 dictum
1334 1939 1354 1998 J
1356 1940 1495 2000 ohannem

291 2042 321 2097 in
336 2038 419 2096 domo
433 2037 520 2113 ipsius
533 2036 554 2095 J
555 2037 672 2096 ohannis
686 2038 813 2106 nutrivit,
825 2057 972 2114 quousque
985 2038 1060 2097 dicte
1074 2039 1206 2096 ,Iohanne
1216 2038 1356 2097 ablactate
1368 2038 1431 2106 fuit,
1446 2059 1497 2115 per

292 2136 369 2213 quod
389 2137 461 2194 bene
482 2135 573 2193 noscit
594 2136 698 2193 dictum
712 2134 874 2194 Jolmunam
895 2155 956 2194 esee
977 2137 1059 2194 etatis
1078 2136 1145 2194 xviii
1159 2155 1296 2194 annorum
1316 2144 1345 2193 et
1368 2136 1497 2213 emplius.

292 2328 369 2406 quod
382 2327 456 2386 dicte
466 2326 487 2385 J
488 2326 600 2384 ohanne
613 2335 657 2384 est
670 2329 753 2385 etatis
766 2328 833 2386 xviii
847 2346 985 2386 annorum
999 2328 1169 2404 etamplius.
1198 2328 1362 2404 Requisitus
1375 2327 1495 2404 qualiter

290 2427 346 2483 hoc
359 2427 420 2493 scit,
442 2423 509 2482 dicit
523 2423 598 2500 quod
611 2424 671 2501 ipse
691 2424 748 2482 fuit
769 2426 798 2482 in
819 2425 946 2503 predicte
967 2425 1085 2484 ecclesie
1107 2425 1204 2482 eodem
1225 2424 1278 2491 die,
1302 2443 1358 2500 quo
1372 2425 1498 2500 predicte

291 2522 423 2580 Johenne
435 2521 491 2578 fuit
503 2531 570 2579 uate
582 2531 611 2579 et
623 2521 772 2598 baptizate,
794 2531 824 2580 et
836 2522 907 2581 vidit
927 2542 988 2582 eam
999 2525 1035 2581 de
1056 2542 1137 2582 sucro
1157 2523 1236 2580 fonte
1257 2521 1344 2580 levari
1356 2530 1385 2579 et
1398 2521 1497 2580 hebuit

291 2619 431 2697 quendam
444 2618 544 2687 filium,
558 2621 673 2684 nomine
685 2619 868 2688 Willelmum,
883 2621 932 2696 qui
945 2621 1042 2679 eodem
1057 2619 1101 2678 die
1115 2619 1294 2687 moriebatur,
1308 2637 1358 2694 per
1371 2619 1448 2694 quod
1461 2619 1496 2677 de

291 2725 365 2774 etate
388 2715 494 2793 prefate
515 2715 646 2774 lohanno
667 2716 738 2773 bene
760 2717 857 2774 recolit
879 2725 908 2774 et
931 2717 1083 2792 cognoscit
1123 2715 1260 2775 Willelmi
1283 2715 1393 2793 Smyth,
1414 2717 1496 2774 etatis

292 2814 350 2871 xliii
363 2831 511 2879 annorum,
525 2820 558 2870 ut
578 2811 759 2888 premittitur,
780 2813 940 2880 examinati,
964 2813 1014 2887 qui
1032 2811 1190 2886 dicitquod
1211 2811 1287 2870 dicte
1299 2812 1434 2870 ,Iohanne
1453 2819 1498 2869 eet

292 2912 376 2970 etatis
389 2910 457 2966 xviii
470 2925 607 2966 annorum
620 2914 649 2963 et
662 2906 792 2982 emplius,
806 2925 839 2964 nc
849 2915 915 2964 nete
929 2916 957 2964 et
969 2909 1111 2982 baptizate
1132 2906 1188 2963 fuit
1209 2906 1262 2974 die,
1276 2909 1349 2975 loco,
1371 2915 1400 2964 et
1421 2924 1496 2963 enno

292 3005 470 3083 supradictis.
514 3003 680 3080 Reqnisitue
694 3001 815 3077 queliter
828 3000 882 3058 hoc
896 3001 995 3068 noscit,
1017 3001 1086 3058 dicit
1099 2999 1176 3076 quod
1188 3001 1248 3076 ipre
1260 2999 1315 3056 fuit
1328 3001 1358 3056 in
1379 3000 1497 3058 ecclesie

292 3101 417 3177 predicta
435 3109 560 3176 tempore
574 3097 775 3175 baptizucionis
795 3096 881 3172 ipsius
895 3094 1025 3155 Johenne
1039 3104 1068 3153 et
1081 3094 1151 3152 vidit
1171 3113 1233 3153 eam
1253 3094 1349 3164 levari,
1362 3102 1392 3152 et
1404 3095 1497 3153 eundo

292 3215 390 3254 versun
404 3196 519 3254 domurn
534 3215 614 3254 suem
627 3194 728 3253 cecidit
741 3201 770 3252 et
782 3193 930 3252 bruchium
944 3211 1026 3250 suum
1039 3193 1184 3250 sinistrum
1199 3192 1294 3268 fregit,
1308 3211 1358 3268 per
1372 3191 1448 3268 quod
1461 3192 1497 3250 de

292 3301 366 3350 etate
386 3293 493 3368 prefate
506 3293 638 3352 Johcnne
650 3294 721 3350 bene
735 3292 833 3350 recolit
847 3299 876 3350 et
899 3291 1052 3368 cognoscit.
1093 3289 1229 3348 Willelmi
1243 3289 1395 3368 Goudeby‚
1415 3291 1497 3348 entis

291 3389 340 3446 xlii
354 3407 499 3457 annorum,
518 3398 551 3447 ut
563 3390 741 3467 premittitur,
761 3389 922 3458 examinati,
942 3389 992 3465 qui
1015 3387 1084 3446 dicit
1103 3388 1181 3464 quod
1199 3387 1274 3446 dicte
1287 3386 1429 3456 Johnnne,
1444 3389 1496 3447 uc.

294 3485 343 3566 (ut
356 3486 484 3562 proximo
497 3483 606 3563 supra).
649 3486 814 3562 Requieitus
836 3485 956 3562 qualiter
977 3486 1031 3544 hoo
1052 3486 1151 3554 noscit,
1174 3484 1242 3543 dicit
1262 3485 1339 3561 quod
1358 3485 1417 3562 ipse
1435 3503 1497 3560 per·

294 3584 408 3660 quisivit
428 3601 516 3638 unum
539 3588 730 3638 tenementum
749 3599 813 3636 cum
833 3581 1006 3656 pertinentiis
1020 3581 1049 3638 in
1065 3581 1211 3640 Tetermle
1233 3581 1267 3640 de
1287 3582 1410 3658 quodum
1425 3580 1498 3638 Wil-

293 3679 376 3737 lelmo
392 3679 515 3746 Forster‚
538 3677 586 3752 qui
601 3673 715 3752 quidem
728 3673 888 3733 Willelmue
911 3674 1026 3734 Forstcr
1045 3676 1138 3753 ipsum
1151 3676 1185 3734 de
1198 3683 1358 3734 tenemento
1371 3674 1498 3751 predicto

293 3776 374 3835 dictis
389 3775 434 3835 die
446 3783 476 3833 et
489 3792 563 3833 enno
576 3793 625 3851 per
639 3780 745 3831 curtem
756 3791 835 3830 nuum
848 3772 973 3832 feollnvit
983 3781 1012 3832 et
1021 3773 1135 3841 saisivit,
1151 3791 1200 3852 per
1210 3773 1291 3850 cujus
1305 3780 1382 3830 certe
1400 3771 1496 3830 dutum

293 3873 329 3931 de
342 3881 416 3931 etate
439 3872 548 3950 prefate
561 3871 693 3931 Johanne
706 3871 777 3928 bene
799 3868 898 3928 recolit
917 3879 947 3928 et
967 3870 1120 3946 cognoscit.
1162 3869 1272 3928 Thome
1286 3867 1401 3946 Smyth,
1415 3867 1498 3926 etatis

293 3971 303 4028 l
317 3989 463 4039 annorum,
475 3979 509 4028 ut
520 3971 701 4048 premittitur,
715 3967 876 4036 examinati,
895 3967 944 4044 qui
958 3967 1026 4025 dicit
1046 3966 1123 4044 quod
1142 3965 1268 4042 predicta
1282 3965 1414 4024 Johenne
1427 3971 1497 4022 nete

294 4068 348 4125 fuit
358 4076 387 4125 et
399 4067 543 4144 baptizem
556 4067 585 4124 in
600 4075 693 4124 cestro
714 4073 743 4123 et
754 4064 870 4124 ecclesia
884 4063 1014 4141 predictis
1028 4064 1071 4122 die
1085 4073 1115 4123 et
1128 4081 1203 4122 enno
1218 4063 1395 4139 supradictis,
1410 4067 1439 4118 et
1452 4069 1495 4117 est

294 4166 377 4222 etatis
390 4165 457 4222 xviii
470 4184 608 4222 annorum
620 4175 650 4223 ct
663 4163 790 4239 amplius.
833 4161 995 4238 Requisitus
1010 4161 1130 4237 qualiter
1142 4161 1197 4218 hoo
1211 4161 1310 4228 noecit,
1331 4157 1399 4216 dicit
1420 4156 1497 4232 quod
