3898 5022
414 547 531 614 clxxxii
923 566 1101 612 euersos.

417 729 446 779 et
459 719 642 778 sdvoestione
654 719 770 779 enclesis
784 720 912 798 ejusdem
925 721 999 790 ville,
1013 741 1045 779 no
1059 721 1095 780 de
1108 719 1240 778 ueneriis
1253 717 1290 776 de
1303 716 1409 776 Brskle
1423 725 1454 774 et
1468 714 1618 792 Pbelippes

416 815 822 892 compertinenu'iusoetisnr
849 816 1020 876 dsmsnerio
1038 817 1073 874 de
1100 813 1367 894 Brundyshvoesto
1391 812 1417 870 ie
1439 811 1617 870 Famem

417 912 475 968 suis
497 911 682 986 pertinentiis
706 912 736 969 in
758 913 891 972 eomitstu
912 913 1045 990 predicto,
1063 913 1093 970 in
1111 911 1252 970 dominico
1273 929 1325 968 suo
1349 906 1536 967 utdefeodo.
1577 906 1617 964 Et

416 1008 539 1066 muueris
552 1007 601 1066 ills
614 1027 677 1066 euru
691 1009 863 1086 pertinentiis
884 1021 914 1070 et
933 1011 1120 1070 sdvoeseione
1144 1008 1268 1086 predicto
1289 1026 1340 1084 per
1354 1003 1495 1082 quendem
1508 1013 1617 1062 esrum

418 1124 497 1164 susm
517 1105 688 1166 indeutstsm
707 1109 880 1184 juratoribus
898 1109 983 1187 hujus
1005 1108 1191 1186 inquisitionis
1214 1107 1354 1164 indmtste
1376 1113 1516 1162 ostem
1537 1102 1619 1160 dimi·

419 1213 516 1260 serunt
528 1203 643 1279 preistis
658 1204 801 1264 Wiilslrno
816 1205 935 1282 Phelipp
947 1215 977 1262 et
989 1203 1120 1263 Johsnne
1139 1203 1220 1260 uxori
1238 1203 1300 1278 ejus
1321 1201 1359 1260 sd
1380 1209 1448 1260 tune
1466 1199 1618 1278 superstiti,

418 1299 546 1358 habende
568 1309 598 1358 et
624 1303 744 1360 teneuds
767 1301 802 1361 sd
829 1303 979 1360 terminum
1001 1303 1056 1359 vite
1079 1321 1177 1359 eorum
1200 1309 1230 1359 et
1250 1301 1366 1358 ulterius
1387 1317 1485 1356 eorum
1513 1297 1617 1355 diutius

419 1397 548 1466 viventis,
562 1398 669 1475 absque
682 1399 857 1475 inpeticioue
870 1408 898 1457 et
911 1399 1077 1478 eslurnpnis,
1091 1399 1130 1456 its
1142 1397 1218 1474 quod
1233 1398 1256 1455 si
1270 1397 1372 1473 uliquis
1386 1395 1466 1454 heres
1479 1394 1621 1454 musculus

418 1493 604 1571 predictorum
618 1493 754 1553 Willehni
769 1495 887 1573 Phelipp
899 1505 928 1554 et
941 1494 1072 1555 Johnnns
1096 1495 1130 1553 de
1154 1494 1319 1572 corporibus
1333 1494 1391 1551 suis
1405 1493 1540 1569 legittime
1553 1511 1619 1568 pro·

416 1601 527 1652 eresbrs
554 1592 599 1650 vel
625 1593 719 1652 exieus
746 1593 822 1670 ipsos
848 1594 1023 1654 Wiilelmunr
1053 1602 1084 1650 et
1103 1592 1265 1652 Johsnnsm
1291 1600 1319 1650 et
1346 1611 1443 1650 eorum
1467 1599 1617 1667 utriunque

417 1689 610 1766 supervixerit,
635 1690 712 1767 quod
735 1699 802 1750 tune
829 1701 893 1769 post
919 1701 1038 1750 mortem
1066 1691 1255 1769 predictorum
1282 1689 1421 1748 Willeltni
1449 1688 1568 1766 Phelipp
1588 1697 1618 1747 et

418 1786 548 1845 Johsune
561 1795 591 1844 et
602 1805 699 1844 eorrun
717 1787 871 1863 utriusque,
886 1787 1010 1866 predicte
1028 1787 1153 1846 muueris
1165 1795 1195 1844 et
1207 1785 1354 1844 sdvoestio
1368 1805 1433 1843 eum
1446 1786 1618 1862 pertinentiis

418 1883 526 1960 integre
540 1891 713 1942 resumerent
726 1883 850 1943 Johsnui
877 1885 1043 1955 Besumont,
1067 1884 1181 1942 domino
1202 1883 1236 1941 de
1261 1881 1467 1962 Folkynghsm,
1480 1891 1509 1941 et
1523 1883 1618 1940 Eliss-

417 1981 502 2039 bethe
514 1982 594 2040 uxori
609 1983 679 2058 ejus,
694 1981 750 2040 filie
764 1983 951 2059 predictorum
965 1983 1100 2042 Willelmi
1118 1981 1236 2060 Phelipp
1250 1993 1278 2040 et
1292 1980 1433 2049 Jobnnne,
1447 1980 1577 2038 hsbends
1589 1989 1619 2040 et

418 2079 539 2138 tenende
551 2078 656 2136 eisdem
666 2077 791 2138 Johsnui
805 2079 963 2138 Besumout
976 2089 1004 2138 et
1020 2079 1185 2138 Elisabethe
1198 2088 1227 2137 et
1239 2078 1390 2138 heredibus
1404 2077 1440 2136 de
1455 2077 1619 2154 eorporibus

418 2176 504 2253 ipsius
518 2173 656 2233 Johsnnis
674 2174 830 2232 Besumont
842 2183 872 2233 et
886 2175 1050 2234 Elisabethe
1074 2175 1249 2234 exeuntibus.
1291 2175 1331 2232 Et
1345 2176 1369 2232 si
1383 2175 1529 2250 continget
1542 2174 1617 2251 quod

419 2271 513 2329 nullus
536 2271 617 2328 heres
637 2271 778 2328 masculus
791 2270 980 2347 predictorum
994 2270 1131 2330 willelmi
1154 2270 1271 2348 Phelipp
1285 2279 1314 2328 et
1328 2271 1458 2330 Johsnne
1472 2270 1507 2328 de
1520 2289 1619 2348 eorpo-

418 2371 495 2428 ribus
520 2370 578 2426 suis
602 2368 736 2445 legittime
761 2379 920 2445 procreatus
942 2370 1016 2445 ipsos
1030 2369 1206 2426 Willelmum
1226 2369 1344 2447 Phelipp
1364 2379 1393 2427 et
1406 2369 1567 2429 Johsnnsm
1591 2378 1620 2426 et

419 2475 569 2543 utrumque
591 2485 687 2522 eorum
710 2464 901 2542 supervixerit,
922 2466 968 2524 vel
992 2465 1067 2542 quod
1091 2465 1233 2544 predictus
1252 2465 1396 2526 Johnnnes
1417 2467 1574 2526 Beeumont
1593 2477 1621 2524 et

421 2563 588 2622 Elisabetha
602 2563 661 2620 sine
683 2563 786 2621 herede
800 2563 834 2620 de
847 2564 1010 2640 corporibus
1031 2565 1089 2621 suis
1110 2574 1229 2622 exeunte
1243 2564 1372 2633 obierint,
1386 2564 1462 2640 quod
1476 2573 1544 2622 tsine
1557 2581 1619 2640 pre·

420 2660 495 2718 diets
507 2661 631 2718 muneris
644 2669 673 2718 st
686 2660 835 2718 odvoeseio
855 2680 919 2718 oum
942 2661 1115 2738 pertinentiis
1135 2661 1171 2720 sd
1193 2662 1317 2736 prefatos
1337 2663 1507 2739 episcopum,
1520 2668 1572 2720 &e
1591 2671 1621 2718 et

420 2758 537 2816 heredes
549 2777 614 2816 suos
624 2767 807 2817 revertentur.
836 2759 875 2816 Et
884 2759 982 2816 dieunt
992 2759 1069 2836 quod
1081 2759 1176 2817 nullos
1187 2759 1268 2817 heres
1279 2760 1420 2817 masculus
1434 2758 1622 2835 predictorum

419 2855 554 2914 willelmi
570 2857 687 2935 Phelipp
702 2866 730 2915 et
744 2855 873 2915 Johunne
888 2857 923 2915 de
937 2858 1101 2936 corporibus
1120 2858 1177 2915 suis
1195 2857 1332 2934 legittime
1354 2865 1514 2935 procreatus
1528 2857 1619 2934 ipsum

419 2953 593 3013 Willelmum
617 2955 736 3033 Phelipp
759 2955 920 3032 supervixit
971 2954 1010 3013 Et
1030 2957 1070 3013 sie
1091 2956 1187 3013 dieunt
1207 2955 1284 3032 quod
1304 2955 1444 3032 predictus
1459 2953 1619 3012 Willelmus

420 3052 538 3129 Phelipp
562 3061 591 3109 et
615 3050 747 3110 Johsnus
767 3053 938 3128 conjunctim
961 3062 1113 3110 tenuerunt
1135 3053 1261 3111 muueris
1280 3053 1329 3111 ills
1352 3062 1380 3111 et
1403 3053 1618 3111 sdvocseiouem

419 3150 584 3226 predictum,
593 3149 751 3206 reversione
761 3148 827 3205 iude
838 3149 945 3225 preisto
956 3150 1094 3225 episcopo,
1104 3155 1160 3208 &u
1167 3159 1196 3208 et
1206 3150 1355 3209 heredibus
1364 3152 1421 3208 suis
1430 3158 1493 3226 post
1501 3159 1620 3207 mortem

419 3244 543 3320 predicte
556 3241 686 3301 Johsnne
700 3251 853 3319 spectante.
897 3243 936 3300 Et
949 3242 1046 3300 dieunt
1058 3245 1134 3319 quod
1147 3247 1273 3323 pressurs
1284 3247 1445 3305 Willehuus
1460 3247 1577 3323 Phelipp
1591 3254 1620 3304 et

423 3339 565 3397 Robertns
577 3338 657 3397 Rous
670 3358 759 3416 nuper
769 3340 884 3397 fuerunt
898 3341 984 3398 seisiti
998 3341 1026 3398 iu
1038 3341 1176 3401 dominico
1191 3365 1242 3402 suo
1256 3353 1289 3402 ut
1302 3345 1337 3402 de
1350 3345 1433 3403 feodo
1448 3345 1481 3402 de
1495 3344 1619 3402 manerio

420 3437 454 3494 de
469 3436 663 3516 Cretynghsm
684 3457 749 3495 oum
767 3440 939 3516 pertinentiis
957 3441 987 3498 in
1009 3441 1144 3500 comitutu
1165 3443 1292 3519 predicto
1313 3453 1342 3501 et
1360 3443 1515 3501 manerium
1538 3442 1617 3499 illurn

421 3554 485 3592 eum
503 3535 676 3610 pertinentiis
698 3555 748 3614 per
762 3537 901 3614 quendum
920 3547 1026 3598 certem
1048 3558 1127 3596 susm
1146 3539 1320 3616 juratoribus
1334 3539 1419 3618 hujus
1434 3539 1619 3616 inquisitionis

420 3630 561 3690 indentete
575 3639 714 3692 ostensem
725 3634 888 3694 dimiserunt
901 3646 930 3693 et
942 3636 1129 3694 feoffuvevunt
1138 3637 1283 3696 Willelnro
1297 3657 1386 3715 nuper
1399 3639 1529 3715 episeopo
1543 3637 1619 3696 Nor·

419 3728 488 3796 vici,
509 3733 561 3787 dre.
584 3731 755 3806 supet-stibus
779 3751 812 3789 se
832 3731 955 3791 Johsnni
969 3734 1133 3792 Wodehous
1156 3743 1185 3792 et
1208 3734 1334 3794 Johonni
1358 3736 1457 3794 Keohe
1479 3734 1618 3793 defunctis

420 3825 578 3885 habendum
600 3837 628 3886 et
652 3830 803 3887 tenendum
824 3831 876 3888 sibi
900 3841 928 3889 et
952 3831 1100 3891 heredibus
1122 3841 1151 3891 et
1164 3833 1313 3910 assignetis
1336 3834 1393 3892 suis
1407 3835 1619 3910 imperpetuum,

420 3922 524 3981 virtute
546 3923 625 4000 eujus
646 3925 816 3985 feod'smenti
840 3927 923 3986 iidem
944 3929 1104 3988 Willelmus
1130 3949 1221 4004 nuper
1242 3931 1388 4008 episcopus
1414 3931 1545 3998 Numici,
1567 3934 1619 3988 dre.

419 4021 534 4081 fuerunt
547 4022 612 4082 inde
625 4025 710 4082 seisiti
724 4024 754 4084 in
768 4025 905 4084 dominico
926 4046 978 4086 suo
999 4036 1032 4085 ut
1056 4027 1090 4084 de
1111 4027 1194 4084 feodo
1219 4036 1248 4086 et
1269 4029 1455 4106 permiserunt
1479 4028 1618 4106 prefatum

420 4119 594 4181 Willelmurn
609 4121 726 4200 Phelipp
754 4144 888 4202 occupare
911 4125 1068 4202 predictum
1090 4127 1245 4183 manerium
1266 4126 1302 4185 sd
1324 4147 1421 4184 eorum
1435 4127 1617 4186 voluutsteru.
