3930 5088
574 523 827 568 vroucourrurs
853 521 1138 567 uosnomsauu.
1370 505 1430 565 109

283 699 357 744 rum
380 677 517 742 aliorum
542 675 736 761 Magnetum
758 671 849 760 regui
874 673 1012 758 Anglie3
1033 693 1099 757 quo
1113 670 1165 736 die
1180 669 1343 737 Dominus
1360 674 1431 738 Rex

284 780 405 844 ibidem
433 777 469 841 iu
497 797 614 860 magna
641 775 714 838 aula
743 795 801 838 sua
829 774 935 838 tenuit
964 794 1113 858 magnam
1134 781 1169 837 et
1196 771 1431 837 nobilissimam

285 883 418 961 curiam,
433 879 566 958 seilicet,
579 899 668 943 nono
683 876 735 941 die
750 875 882 961 Aprilis,
897 886 976 942 tunc
990 875 1147 962 temporis
1162 875 1335 962 Hokeday.

330 985 406 1049 Hoc
431 1004 516 1048 anuo
541 982 577 1046 in
602 982 687 1045 festo
712 979 823 1045 Sancti
848 979 1064 1059 Erkenwaldi,
1086 977 1218 1059 scilicet,
1238 979 1355 1045 ultimo
1380 979 1433 1045 die

286 1087 418 1174 Aprilis,
432 1085 629 1171 precipiente
643 1084 789 1148 Domino
811 1083 898 1168 Rege
918 1083 1012 1148 electi
1031 1092 1109 1148 sunt
1122 1105 1181 1168 per
1196 1083 1293 1148 Cives
1308 1083 1434 1150 Rober-

286 1199 341 1254 tus
367 1190 409 1254 de
425 1187 628 1266 Corenhelle,
652 1185 796 1250 Thomas
812 1186 852 1250 de
872 1185 1042 1271 Basinges,
1059 1186 1239 1252 Edwardus
1248 1192 1262 1267 l
1271 1186 1478 1268 Blundus,f0.
1490 1206 1538 1256 112
1549 1221 1618 1256 aeno.

287 1292 452 1357 Walterus
474 1290 506 1354 le
527 1289 637 1367 Poter,
649 1287 846 1352 Willielmus
864 1288 905 1353 de
931 1288 1131 1368 Hadestolre,
1146 1299 1180 1354 et
1193 1289 1378 1354 Anluetillus
1394 1289 1434 1356 de

286 1396 450 1472 Aurem,
461 1391 518 1476 qui
532 1391 630 1456 tercia
641 1390 692 1456 die
703 1398 827 1476 postea,
835 1391 971 1475 profecti
986 1401 1064 1455 sunt
1077 1391 1163 1476 apud
1179 1391 1434 1477 Wyndleshores

287 1497 328 1560 ad
343 1495 524 1560 Dominum
539 1493 672 1578 Regem,
681 1503 715 1557 et
724 1493 759 1556 in
771 1492 911 1557 crastino
925 1493 1022 1578 elegit
1035 1493 1199 1557 Dominus
1214 1494 1285 1559 Rex
1300 1494 1435 1580 deipsis

289 1619 345 1663 sex
365 1597 453 1674 viris,
469 1593 649 1659 Robertum
665 1596 705 1660 de
722 1593 913 1660 Corenhelle
928 1605 963 1659 et
975 1595 1136 1660 'l'homem
1150 1595 1191 1660 de
1211 1596 1380 1682 Basinges,
1397 1606 1436 1662 ut

288 1707 399 1763 essent
413 1695 529 1760 Ballivi
545 1695 597 1759 sui
613 1694 848 1781 respondentes
863 1695 967 1760 eidem
983 1695 1023 1760 de
1038 1694 1179 1760 exitibus
1193 1696 1435 1764 vicecomitatum

288 1798 532 1864 Londoniarum
554 1807 589 1862 et
614 1797 817 1862 Midelsexie.
863 1797 930 1864 Qui
951 1819 1029 1863 vero
1052 1797 1216 1864 Robertus
1238 1809 1272 1864 et
1292 1800 1436 1866 'l'bomsa

288 1902 324 1966 in
338 1901 487 1986 proximo
502 1899 554 1965 die
570 1901 674 1979 Luae,
688 1909 862 1986 postquam
876 1899 1052 1979 redierunt,
1066 1900 1243 1986 presentati
1256 1902 1388 1968 fuerunt
1401 1903 1436 1968 in

291 2001 437 2068 Gildhall
459 2001 702 2066 Londoniarum
725 2023 833 2067 coram
855 2003 1087 2068 communitate
1108 2003 1254 2088 ejusdem
1276 2003 1437 2085 Civitatis,

290 2104 421 2184 scilicet,
436 2105 467 2190 vj
485 2104 537 2169 die
553 2104 645 2170 Maii.

334 2208 410 2273 Hoc
435 2229 532 2288 anno,
547 2207 600 2272 die
621 2207 775 2274 Mercurii
789 2208 824 2274 in
840 2208 1021 2294 septimana
1040 2209 1258 2290 Pentecostes,
1274 2210 1438 2277 Dominus

291 2309 464 2390 Henricus,
485 2309 571 2374 filius
595 2310 693 2396 Regis
718 2310 921 2391 Alemannis,
943 2309 1154 2396 desponsavit
1174 2312 1262 2396 opud
1281 2311 1439 2400 Wyndle-

290 2433 379 2477 sores
393 2413 493 2478 filiam
516 2413 684 2498 cujusdem
706 2413 825 2480 nobilis
847 2415 888 2480 de
907 2414 1116 2500 Aquitannia,
1130 2415 1263 2481 nomine
1278 2414 1438 2483 Gssconis

290 2513 331 2579 de
346 2515 497 2600 Byernis.

336 2617 599 2697 Memorandum,
613 2615 787 2703 quodcum
801 2617 964 2682 Dominus
976 2617 1057 2695 Rex,
1071 2626 1151 2681 tunc
1164 2617 1320 2703 temporis
1335 2620 1440 2686 tribus

291 2718 385 2781 aunis
397 2719 524 2804 elapsis,
531 2725 733 2782 concesserat
743 2717 888 2782 Domino
900 2716 1072 2795 Eduardo,
1081 2716 1148 2782 filio
1161 2739 1232 2796 suo,
1237 2739 1350 2803 capere
1363 2743 1440 2786 cou-

293 2817 499 2883 suetudinem
514 2815 555 2880 de
569 2815 721 2880 omnibus
741 2815 838 2880 rebus
852 2837 910 2900 per
925 2837 1012 2880 mare
1026 2815 1232 2880 venientibus
1245 2818 1279 2881 in
1290 2820 1441 2903 Angliem

293 2929 328 2984 et
342 2918 383 2982 de
393 2918 511 3003 Anglis
525 2916 731 2996 exeuntibus,
746 2925 780 2982 et
794 2918 865 3004 ipsa
879 2916 1081 2981 consuetudo
1096 2916 1229 2982 dimissa
1242 2918 1358 2985 fuisset
1371 2921 1442 3005 qui-

293 3019 431 3085 busdam
448 3018 581 3084 Itsllicis
595 3020 636 3084 ad
650 3019 777 3084 firmam
792 3019 957 3085 reddendo
971 3018 1116 3084 Domino
1131 3018 1291 3086 Edwardo
1305 3022 1337 3106 vj
1355 3023 1443 3089 mille

294 3141 417 3186 marcas
428 3142 628 3206 perannum,
639 3121 703 3207 ipsi
715 3121 831 3187 Itallici
841 3120 1182 3208 exigeruntaCivibus
1198 3122 1442 3190 Londoniarum

293 3222 442 3289 eamdem
464 3225 742 3305 consuetudinem,
757 3225 996 3292 etvademonia
1018 3225 1060 3290 ab
1084 3226 1132 3291 eis
1154 3236 1310 3312 ceperunt
1331 3238 1444 3295 contra

295 3347 370 3391 suas
391 3324 567 3392 libertates.
611 3325 708 3392 Cives
719 3349 797 3393 vero
811 3328 962 3395 adierunt
975 3328 1156 3394 Dominum
1170 3329 1377 3412 Edwardum,
1391 3353 1444 3398 ro·

292 3436 406 3512 gantas
431 3447 517 3506 eum,
540 3447 583 3490 ne
608 3427 672 3493 tale
694 3429 809 3513 jugum
836 3428 1001 3494 servitutis
1021 3429 1068 3494 eis
1091 3431 1294 3513 permitteret
1318 3432 1444 3518 imponi

292 3537 405 3594 contra
423 3527 588 3593 libertates
610 3549 668 3613 per
694 3538 796 3594 cartas
812 3527 948 3594 Domini
963 3529 1073 3616 Regis,
1088 3531 1190 3614 patris
1206 3532 1267 3611 sui,
1283 3542 1316 3597 et
1330 3535 1445 3618 prede-

293 3652 459 3696 cessorum
483 3651 628 3710 suorum,
656 3628 785 3716 Regum
810 3631 937 3717 Anglie,
952 3630 999 3696 eis
1013 3653 1206 3714 concessas3
1227 3635 1315 3700 unde
1330 3637 1447 3700 Domi·

294 3755 358 3798 nus
384 3731 564 3798 Edwardus
590 3731 804 3817 quietanciam
829 3735 973 3820 predicte
999 3735 1244 3800 consuetudinis
1267 3736 1310 3800 od
1333 3758 1446 3821 preces

297 3855 409 3899 eorum
421 3834 467 3898 eis
478 3835 649 3914 concessit,
654 3835 800 3901 faciendo
809 3836 857 3916 eis
869 3858 967 3924 super
977 3837 1040 3904 boc
1048 3837 1170 3904 litteras
1183 3860 1257 3903 sues
1264 3844 1279 3919 l
1285 3849 1444 3924 patentes.
1450 3863 1489 3923 fo.
1501 3858 1548 3908 113
1560 3867 1625 3909 roeo.

299 3933 408 4013 Cives,
421 3955 510 4014 vero,
524 3937 670 4001 lecerunt
684 3937 714 4001 ei
730 3936 963 4017 curialitatem,
978 3938 1093 4004 dentes
1108 3938 1138 4004 ei
1153 3961 1199 4005 co.
1214 3961 1348 4006 marcas.
