3930 5088
578 519 835 568 vicecomitum
862 519 1143 570 cennomannis.
1367 513 1426 570 lll

281 675 428 761 partibus
442 673 642 752 Alemannis,
656 671 722 736 filia
731 669 899 755 cujusdam
911 672 1029 738 nobilis
1045 675 1085 740 de
1099 685 1184 740 terra
1198 676 1262 741 illa.
1300 677 1429 756 Postea,

282 780 431 863 proximo
446 779 498 843 die
512 787 587 842 ante
601 775 753 860 Vigiliam
774 774 1019 860 Assumptionis
1041 777 1135 843 beate
1154 780 1259 844 Marie
1274 780 1427 865 Virginis,

284 881 446 945 Dominus
470 880 661 958 Edwardus,
687 876 840 943 dominus
856 877 1020 942 Henricus
1042 880 1083 944 de
1106 881 1309 960 Alamannia,
1324 882 1428 946 domi-

282 1007 345 1048 nus
362 985 507 1069 Rogems
519 985 559 1048 de
575 984 758 1068 Leyburne,
774 981 924 1046 dominus
941 982 1103 1048 Robertus
1119 984 1303 1065 Walraven,
1325 985 1429 1050 domi-

282 1107 345 1149 nus
376 1085 507 1150 Gascon
530 1086 571 1150 de
600 1085 739 1170 Byerne,
765 1093 799 1146 et
823 1083 931 1167 plures
954 1083 1008 1148 alii
1032 1085 1150 1150 milites
1180 1094 1214 1149 et
1242 1085 1431 1164 servientes,

283 1189 580 1252 transfretaverunt.

327 1290 444 1353 Postea
465 1289 571 1352 dictus
600 1287 799 1352 Eadwardus
828 1286 861 1349 in
887 1286 972 1350 festo
996 1285 1183 1354 Nativitatis
1209 1289 1303 1354 beate
1325 1288 1431 1353 Marie

283 1393 431 1477 proximo
447 1389 611 1475 sequentis
633 1388 790 1474 applicuit
802 1389 889 1474 apud
903 1389 1090 1468 Doveriam,
1110 1392 1237 1456 rediens
1252 1415 1271 1456 a
1285 1392 1430 1478 predicto

284 1495 494 1579 parlamento‚
516 1491 573 1556 ubi
587 1493 671 1557 inter
692 1491 874 1577 predictum
890 1493 1012 1576 Regem
1028 1493 1161 1558 Francie
1176 1504 1210 1558 et
1223 1495 1332 1580 ipsum
1353 1516 1432 1559 con-

283 1606 426 1674 venerat,
442 1597 525 1660 sicut
538 1596 573 1658 in
587 1596 650 1658 hoc
664 1594 747 1658 libro
761 1593 882 1678 gallicis
897 1594 1004 1658 verbis
1020 1595 1222 1660 subnotatum

328 1700 460 1782 Lowys,
476 1719 533 1782 par
558 1698 589 1763 le
612 1719 705 1782 grace
731 1697 770 1761 de
794 1698 882 1774 Deo,
906 1697 996 1782 Roys
1014 1698 1055 1760 dc
1083 1699 1216 1778 France,
1232 1721 1251 1762 a
1265 1709 1340 1762 tous
1355 1719 1431 1764 cous
1446 1711 1609 1787 emessam

284 1802 341 1886 qui
367 1809 454 1865 ceste
477 1800 588 1864 lettres
615 1808 744 1877 verunt,
770 1799 870 1862 salua.
935 1799 1030 1863 Nous
1053 1821 1115 1863 vus
1139 1801 1261 1864 lesums
1284 1823 1304 1864 a
1329 1778 1574 1881 savensmw

1445 1842 1528 1902 Rogant
1546 1839 1649 1886 Francia

287 1903 328 1968 ke
348 1913 439 1967 entre
462 1923 525 1966 nus
540 1913 574 1966 et
594 1910 707 1966 nostre
727 1911 793 1965 tres
815 1901 893 1965 cher
907 1900 1023 1980 Oasin,
1049 1902 1247 1968 Munseniur
1261 1903 1432 1982 Eadward,
1445 1905 1604 2017 inimi?

286 2005 376 2069 ainne
386 2005 427 2068 fin
439 2004 479 2069 de
494 2003 591 2068 noble
606 2004 680 2088 Roy
692 2003 732 2066 de
743 2001 927 2087 Engleterc,
938 2012 1016 2067 sunt
1023 2003 1105 2067 fetes
1118 2003 1158 2068 de
1170 2025 1323 2069 commun
1336 2005 1432 2068 acord

287 2130 343 2173 sur
357 2131 393 2172 sa
416 2129 499 2193 voye
515 2108 593 2171 d'un
608 2106 791 2193 pelorinege
806 2106 846 2170 de
871 2116 965 2170 outre
989 2128 1059 2170 mer
1079 2106 1174 2171 iceles
1202 2117 1433 2172 cuvenauntes.

287 2211 382 2275 Nous
397 2210 533 2275 devums
553 2220 679 2296 prester
693 2231 712 2272 a
726 2209 831 2272 devan
853 2207 902 2272 dit
918 2206 1056 2272 Edward
1077 2209 1217 2274 seisante
1232 2220 1266 2274 et
1287 2209 1337 2273 dis
1358 2209 1434 2274 mile

286 2312 384 2378 livere
399 2312 440 2376 de
453 2313 636 2397 'Pom-noys,
645 2316 659 2391 l
670 2319 803 2376 cuntees
818 2331 857 2374 en
874 2320 961 2374 ceste
983 2332 1109 2374 summe
1123 2311 1196 2374 nint
1217 2321 1250 2374 et
1264 2311 1335 2375 cinc
1359 2311 1433 2375 mile
1440 2321 1478 2382 so.
1490 2317 1537 2366 114
1549 2327 1580 2396 af.

287 2413 401 2477 liveres
422 2414 462 2477 de
478 2413 667 2499 'lournoys5
689 2412 737 2478 les
761 2411 873 2497 queles
904 2411 1053 2477 Gascons
1073 2411 1229 2477 Visconte
1244 2412 1285 2478 de
1307 2413 1434 2498 Byarne
1447 2386 1637 2512 &wlff

289 2516 396 2581 deveit
410 2537 485 2580 aver
505 2516 544 2580 de
567 2537 630 2579 nus
650 2537 712 2600 pur
725 2515 771 2578 lui
786 2537 803 2580 e
826 2537 888 2599 pur
903 2537 963 2580 son
979 2537 1112 2601 passage
1128 2537 1146 2581 e
1161 2537 1223 2600 pur
1237 2537 1273 2580 sa
1286 2538 1378 2600 genz,
1393 2515 1434 2580 ke
1439 2531 1510 2642 pm
1510 2517 1585 2626 riam

287 2619 310 2682 il
325 2617 432 2682 deveit
444 2637 553 2680 mener
564 2637 605 2680 en
623 2617 803 2700 polerinege
818 2615 859 2680 de
873 2626 1047 2681 outremer
1061 2617 1245 2695 ovekenus‚
1260 2616 1380 2700 lequel
1395 2617 1435 2682 de
1491 2650 1512 2718 †

289 2719 457 2783 devantdit
470 2715 610 2781 Edward
625 2717 666 2778 ad
679 2737 774 2779 receu
796 2715 856 2779 celi
881 2715 1029 2780 Gascons
1044 2736 1063 2779 e
1085 2738 1120 2780 aa
1134 2737 1215 2799 gena
1229 2737 1271 2779 en
1296 2739 1331 2780 sa
1346 2739 1435 2780 cum-

288 2822 402 2907 panie3
428 2840 447 2885 e
469 2819 509 2883 de
524 2819 589 2882 ices
615 2818 755 2882 seisante
774 2817 825 2880 dis
847 2817 923 2880 mile
945 2817 1042 2880 livres
1058 2817 1126 2881 deit
1140 2827 1224 2881 estre
1240 2817 1352 2882 baillez
1375 2841 1438 2903 pur

289 2924 438 2998 cherane,
469 2941 530 3005 pur
544 2919 689 2998 visendos,
713 2941 775 3004 pur
789 2918 873 2995 nelo,
887 2938 906 2981 e
920 2939 983 3002 pur
997 2939 1132 3002 passage
1148 2917 1188 2982 de
1203 2918 1263 2982 celi
1285 2918 1436 3000 Edward,

291 3046 327 3088 ce
342 3024 383 3086 ke
396 3031 513 3087 mestre
534 3021 579 3084 lui
595 3041 676 3100 sera,
702 3031 736 3086 et
760 3041 846 3085 serra
860 3019 942 3104 paye
962 3041 1021 3104 par
1039 3041 1100 3083 nos
1115 3041 1207 3106 genn,
1230 3041 1274 3084 ou
1288 3043 1347 3106 par
1361 3042 1437 3086 ceos

290 3147 352 3213 que
364 3148 425 3188 nus
441 3125 452 3187 i
467 3135 630 3189 meterons
647 3146 768 3203 accus,
790 3124 830 3188 de
845 3123 901 3208 qui
916 3123 963 3188 les
978 3124 1094 3188 choses
1116 3124 1300 3189 desusdites
1326 3137 1438 3190 seront

290 3231 393 3315 prises
408 3250 452 3292 ou
466 3229 616 3292 achatecs
632 3250 690 3313 par
704 3227 787 3313 icely
804 3225 943 3292 Edward
954 3233 1012 3313 p'ar
1022 3227 1053 3292 la
1066 3249 1155 3293 vewe
1171 3229 1211 3292 de
1227 3251 1280 3293 ces
1295 3250 1376 3314 genn
1395 3229 1437 3294 ke

290 3338 313 3401 il
326 3353 422 3398 vaera
436 3355 456 3395 a
470 3353 506 3395 ce
521 3331 643 3395 aturne.
704 3330 735 3393 E
750 3331 779 3394 si
800 3340 969 3394 remenant
986 3329 1069 3414 jail,
1085 3352 1156 3395 sera
1182 3331 1302 3396 delivre
1327 3356 1347 3397 a
1365 3333 1438 3398 iceli

291 3435 440 3513 Edward,
451 3433 536 3498 lion
547 3453 609 3495 nus
621 3453 747 3497 serums
758 3441 850 3496 outre
862 3437 964 3512 men!
980 3453 1073 3516 apres
1084 3453 1120 3496 ce
1131 3433 1207 3497 keil
1222 3455 1292 3498 sera
1303 3456 1407 3499 venun
1418 3458 1481 3518 aso.
1493 3456 1540 3505 115
1551 3463 1583 3504 φο.

290 3562 364 3604 nus.
409 3538 439 3604 E
454 3537 502 3601 les
518 3535 687 3600 devantdit
702 3534 840 3612 deniers,
855 3533 926 3597 iceli
941 3533 1081 3598 Edward
1098 3546 1149 3600 est
1163 3544 1242 3600 tenu
1256 3560 1276 3601 a
1290 3538 1405 3602 rendre
1420 3561 1439 3602 a

292 3665 365 3720 nus,
380 3651 448 3705 cest
463 3660 583 3716 asavcr,
600 3639 740 3702 chescun
756 3659 798 3700 an
814 3635 864 3700 dis
879 3635 972 3700 miles
986 3636 1094 3717 livres,
1122 3659 1141 3702 a
1167 3637 1248 3702 deus
1262 3649 1382 3704 termes
1398 3641 1439 3706 de

293 3766 349 3808 sus
372 3743 514 3820 escrites,
526 3741 619 3825 jekes
641 3749 732 3804 stant
757 3739 798 3804 ke
823 3760 887 3803 nus
913 3761 1033 3825 soyons
1056 3740 1313 3826 enterignement
1338 3763 1438 3827 payen

294 3847 335 3910 de
358 3854 413 3907 tua
438 3844 485 3909 les
512 3844 651 3908 seisante
678 3843 728 3906 dis
750 3842 825 3906 mile
847 3842 953 3907 livres.
997 3843 1232 3908 Ecumencers
1244 3844 1276 3908 la
1290 3845 1440 3929 primiore

293 3969 386 4033 paye‚
413 3957 484 4010 cest
506 3946 632 4011 asavoir
657 3945 699 4010 de
722 3945 793 4010 cinc
814 3945 895 4010 mile
914 3946 1022 4025 livres,
1045 3968 1086 4012 en
1108 3946 1153 4010 mi
1181 3947 1283 4027 Mars,
1310 3947 1364 4011 lan
1388 3948 1441 4013 del
