3930 5088
568 508 826 557 vrcncourruu
852 510 1135 557 nouooursnuu.
1366 495 1427 568 117

277 665 319 730 ad
344 663 528 730 faciendum
553 663 678 728 dictum
704 663 892 743 servitium
920 663 1012 728 ecoe!
1044 662 1078 727 in
1093 662 1212 748 Vigilia
1234 664 1345 729 Sancti
1361 664 1429 728 Ed-

278 767 377 831 werdi
399 765 477 832 fecit
486 765 650 830 Dominus
666 765 738 830 Rex
752 765 950 850 proclamare
965 764 1000 829 in
1014 764 1101 851 regie
1115 765 1187 830 auls
1202 765 1429 830 Westmonss-

278 867 362 948 terii,
376 874 411 932 et
435 866 532 932 etism
558 867 593 932 in
617 868 688 933 foro
714 867 972 947 Londonisrum,
987 867 1074 952 quod
1099 865 1170 952 ipse
1194 888 1261 931 non
1275 867 1338 931 ruit
1352 889 1430 932 con-

280 969 386 1034 sultus
410 968 498 1053 quod
519 978 599 1033 tunc
622 977 768 1056 portaret
792 991 956 1036 coronam.
1011 969 1098 1033 Nam
1125 968 1204 1033 satis
1218 967 1354 1033 deberet
1367 968 1431 1033 sibi

281 1071 426 1136 sufficere
450 1071 550 1135 semel
573 1092 726 1136 coronam
747 1083 888 1157 portare,
903 1081 938 1138 et
961 1071 1049 1157 quod
1074 1071 1195 1152 nullus,
1210 1093 1315 1157 neque
1342 1072 1430 1136 Lon·-

282 1173 455 1238 donienses
469 1194 576 1258 neque
590 1173 654 1252 alii,
669 1174 704 1238 in
718 1175 860 1240 crastino
876 1195 984 1239 coram
1010 1173 1083 1259 ipso
1107 1174 1149 1240 de
1170 1173 1279 1261 aliquo
1296 1173 1432 1240 servicio

281 1297 317 1341 se
348 1275 590 1354 intromitteret,
609 1275 673 1340 nisi
698 1275 761 1361 ipsi
789 1275 1018 1340 tantummodo
1047 1275 1103 1361 qui
1129 1285 1207 1341 sunt
1232 1275 1273 1342 de
1301 1275 1434 1362 propria

282 1377 403 1442 familia
417 1399 486 1442 sua.
531 1376 589 1442 Set
598 1376 782 1462 quicunque
793 1377 834 1441 ad
848 1376 1021 1462 prandium
1032 1375 1144 1443 venire
1154 1377 1323 1457 voluisset,
1333 1376 1433 1462 gratis

282 1481 497 1566 reciperetur;
520 1488 554 1544 et
580 1479 627 1545 sic
650 1479 808 1544 omissum
833 1480 897 1545 fuit
918 1480 999 1544 illud
1025 1478 1135 1546 nobile
1158 1479 1326 1546 servitium
1342 1481 1432 1545 Lon·

283 1582 500 1649 donienaium.
543 1583 679 1662 Temen,
700 1582 735 1647 in
750 1583 892 1649 crastino
908 1583 1019 1661 Cives,
1032 1581 1089 1668 qui
1111 1582 1273 1667 preparati
1292 1583 1433 1662 fuerunt,

282 1685 324 1750 ad
339 1684 668 1749 westmonasterium
690 1685 827 1770 profecti
853 1693 941 1764 sunt,
955 1685 1078 1749 nullam
1103 1705 1219 1769 cupam
1233 1685 1286 1750 vel
1300 1685 1433 1770 ciphum

283 1787 486 1866 deferentes,
509 1785 730 1851 setibicoram
746 1786 891 1853 Domino
906 1786 995 1872 Rege
1011 1785 1167 1850 Sanctum
1177 1807 1250 1852 cum
1262 1785 1433 1852 oblationi·

284 1889 346 1954 bus
361 1888 542 1954 adorantes.
583 1889 664 1954 Post
686 1888 818 1954 missam
831 1910 920 1968 vero,
939 1887 996 1974 qui
1009 1887 1193 1970 voluerunt,
1208 1899 1435 1954 remanserunt

284 1993 325 2058 ed
334 1991 516 2077 prandium,
531 1990 632 2056 etalii
647 1991 686 2056 ad
702 1991 833 2077 proprie
847 1991 1023 2057 redierunt.

328 2093 456 2158 Eodem
482 2092 535 2158 die
557 2093 635 2158 fecit
649 2092 719 2157 Rex
734 2094 907 2159 transferre
922 2115 1040 2180 corpus
1052 2091 1164 2159 Sancti
1178 2093 1314 2179 predicti
1329 2116 1349 2157 a
1362 2093 1434 2158 loco

285 2197 342 2262 ubi
363 2196 509 2282 positum
532 2197 647 2277 fuerat,
659 2196 789 2281 quando
815 2196 849 2261 in
874 2195 989 2282 primis
1004 2196 1196 2262 translatum
1211 2197 1275 2263 fuit
1288 2206 1435 2282 tempore

287 2301 384 2386 Regis
398 2300 533 2366 Henrici
544 2301 677 2366 secundi
689 2325 699 2379 3
719 2309 754 2364 et
768 2299 933 2380 scrinium,
943 2299 977 2364 in
992 2305 1080 2385 lquo
1091 2300 1189 2385 jacet,
1199 2323 1273 2366 cum
1289 2321 1435 2387 corpore,
1441 2326 1479 2388 f0·
1492 2322 1538 2374 117
1551 2332 1582 2372 w.

289 2403 324 2467 in
338 2402 401 2468 alic
416 2402 488 2467 loco
503 2402 663 2482 collocari,
677 2401 734 2468 ubi
748 2423 836 2467 nunc
855 2402 952 2488 jacet.
968 2411 1002 2466 et
1027 2423 1125 2486 super
1143 2401 1298 2467 Sanctum
1314 2424 1433 2468 novam

286 2505 452 2570 basilicam
476 2504 557 2586 fieri,
572 2514 677 2571 totam
702 2527 781 2570 auro
807 2504 982 2590 purissimo
997 2511 1032 2569 et
1045 2503 1182 2590 gemmis
1207 2503 1363 2590 preciosis
1379 2527 1433 2570 co-

285 2616 430 2693 opertam
446 2617 480 2672 et
498 2616 654 2672 ornatam.

330 2711 409 2775 Non
441 2718 492 2774 est
521 2708 582 2774 sub
613 2707 742 2773 silentio
764 2707 1029 2792 pretereundum,
1058 2729 1133 2773 curn
1162 2707 1434 2793 Archiepiscopus

288 2809 516 2890 Eboracensis,
531 2809 638 2874 adhuc
652 2809 686 2872 in
702 2809 841 2873 elatione
857 2829 915 2872 sua
929 2828 1150 2893 perseverans,
1165 2807 1296 2874 fecisset
1309 2822 1384 2876 ante
1400 2833 1435 2876 se

288 2935 416 2979 crucem
432 2933 525 2975 suam
547 2919 677 2997 portare
691 2909 724 2973 in
740 2908 954 2995 prejudicium
970 2908 1104 2973 ecclesie
1117 2908 1302 2988 cantuarie,
1317 2921 1351 2974 et
1364 2911 1435 2995 ipse

286 3015 342 3078 illa
356 3013 408 3078 die
423 3011 543 3077 ibidem
560 3021 705 3098 preesset
719 3012 760 3076 ad
787 3009 896 3075 divine
910 3009 1110 3090 celebrande,
1125 3009 1213 3096 quod
1227 3009 1335 3074 nullus
1351 3012 1436 3096 epis-

288 3137 456 3201 coporum,
479 3115 535 3200 qui
564 3125 731 3200 presentes
753 3115 894 3194 fuerunt,
917 3134 1031 3178 omnes
1053 3110 1293 3199 pontificalibus
1318 3113 1436 3194 induti,

288 3217 344 3304 qui
376 3239 453 3284 vero
482 3227 638 3282 venerant
665 3239 724 3304 per
752 3226 941 3303 preceptum
972 3217 1081 3301 Regis,
1110 3215 1237 3281 circiter
1265 3215 1320 3302 xiij
1351 3217 1437 3303 epis-

288 3322 361 3408 copi
384 3322 425 3387 de
450 3321 569 3407 Anglia
593 3321 690 3385 etde
713 3319 859 3406 partibus
878 3319 1111 3400 transmarinis,
1129 3319 1234 3384 voluit
1258 3321 1349 3406 sequi
1363 3343 1437 3407 pre-

290 3425 414 3491 dictum
429 3422 719 3509 Archiepiscopum
735 3423 778 3487 ud
790 3421 1042 3507 processionem,
1052 3421 1182 3508 quando
1197 3444 1315 3508 corpus
1327 3423 1438 3491 Sancti

289 3527 409 3592 circum
438 3533 605 3612 portatum
634 3524 716 3604 fuit3
754 3523 811 3589 sed
837 3545 951 3588 omnes
976 3523 1010 3587 in
1040 3523 1174 3589 ecclesis
1202 3537 1437 3593 remanserunt.

290 3630 455 3710 Similiter,
469 3627 599 3713 qnando
623 3648 742 3712 corpus
766 3626 958 3692 collocatum
982 3625 1123 3699 fuitubi
1147 3649 1235 3692 nunc
1256 3628 1353 3713 jacet,
1368 3629 1438 3715 ipse

291 3734 379 3797 aolus
394 3731 578 3810 turificavit,
588 3729 740 3796 omnibus
755 3729 825 3794 aliis
840 3729 1002 3815 episcopis
1017 3728 1205 3796 sedentibus
1221 3752 1318 3816 super
1327 3732 1440 3797 sedilia

288 3833 323 3897 in
339 3833 440 3896 stallis
456 3834 699 3899 monachorum.
742 3832 789 3897 Et
812 3841 901 3912 tunc,
917 3831 1058 3917 quidem,
1070 3833 1224 3916 quamdiu
1238 3833 1307 3917 ipse
1322 3833 1384 3898 ruit
1404 3835 1439 3898 in

289 3932 436 4018 partibus
451 3934 707 4014 Londoniarum,
722 3934 784 3999 fuit
794 3933 1013 4012 interdictum,
1028 3941 1060 3997 et
1075 3933 1109 3996 in
1124 3934 1276 4000 omnibus
1291 3935 1390 4015 locia;
1406 3947 1441 4003 et

291 4033 379 4100 omni
395 4035 510 4100 eodem
525 4035 734 4116 modo,.sicut
748 4035 782 4100 in
797 4035 860 4102 hoo
874 4035 956 4102 libro
971 4045 1170 4120 prenotatur.
