3930 5088
536 589 795 638 vroacorrrrurr
820 592 1104 638 nonnosraaurr.
1332 577 1393 648 1⁵7

247 743 364 828 Anglie
378 741 455 808 fecit
468 761 526 827 per
540 741 623 806 duos
635 741 810 808 servientes
824 741 1004 810 interficere
1019 741 1221 808 Marchisum
1237 740 1277 807 de
1287 743 1394 830 *Mun-

246 847 330 911 lerat
350 845 438 930 apud
460 844 584 930 'Dynam
606 843 642 908 in
656 844 755 910 Terra
769 845 899 925 Sancu,
922 847 1008 912 sicut
1031 853 1179 910 narratur
1201 843 1237 908 in
1257 844 1394 910 historia

248 947 385 1033 predicti
400 945 496 1032 Regis
512 944 651 1010 Ricardi.

293 1047 545 1114 Memorandum
573 1047 662 1132 quod
687 1055 765 1132 post
789 1047 918 1116 obitum
945 1047 1107 1134 prenotati
1137 1046 1247 1132 Regis,
1275 1045 1394 1128 nullus,

246 1151 462 1238 implacitatus
484 1148 654 1236 perbreve
669 1171 776 1230 auum,
798 1149 970 1216 tenebatur
991 1151 1188 1236 respondere
1211 1150 1393 1216 advermrio

247 1273 319 1333 suo,
332 1251 397 1316 nisi
411 1251 502 1337 prius
513 1249 676 1317 Dominus
691 1251 882 1331 Edwardus,
898 1252 970 1316 Rex
983 1251 1112 1337 Anglie,
1125 1251 1212 1316 filius
1227 1273 1318 1331 suus,
1336 1273 1395 1337 per

246 1354 344 1421 breve
359 1377 455 1420 suurn
473 1355 617 1420 dedisset
629 1353 664 1418 in
680 1353 840 1419 mandatis
854 1354 896 1419 ad
910 1353 1009 1420 breve
1022 1354 1188 1439 patrissui
1202 1355 1394 1420 adefectum

247 1457 500 1542 perducendum.

292 1560 368 1626 Hoc
386 1581 484 1638 anno,
498 1558 533 1624 in
548 1557 689 1624 crastino
710 1557 821 1626 Sancti
836 1557 1013 1640 Valentini,
1036 1558 1236 1645 divulgatum
1251 1560 1314 1632 luit
1335 1583 1394 1646 per
1406 1575 1443 1651 130
1453 1575 1598 1627 aeaeae

246 1661 518 1728 Archidiaconum
555 1659 797 1725 Londoniarum
842 1661 1000 1726 universis
1037 1662 1210 1747 capellanie
1246 1664 1392 1748 ejusdem
1405 1655 1514 1690 nana

244 1763 407 1844 Civitatis,
430 1763 518 1850 quod
531 1763 573 1828 ad
587 1762 776 1828 mandatum
796 1764 932 1830 Domini
959 1765 1045 1850 Pape
1069 1785 1183 1830 omnes
1205 1765 1267 1830 viri
1289 1766 1394 1832 eccla·

245 1866 368 1932 siastici
390 1889 449 1952 per
472 1874 575 1932 totam
598 1864 751 1951 Anglism
775 1867 956 1948 constituti,
978 1867 1094 1932 darent
1113 1888 1172 1952 per
1191 1869 1274 1934 duos
1288 1889 1392 1936 annos

246 1970 419 2036 continuos
436 1969 594 2038 decimam
611 1979 737 2055 partem
749 1970 895 2036 omnium
910 1970 1080 2036 mobilium
1092 1993 1225 2038 suorum
1239 1974 1392 2041 Dominis

247 2072 409 2138 Eduardo
423 2082 458 2137 et
472 2072 680 2152 Eadmundc,
694 2072 769 2137 tiliis
784 2072 921 2159 predicti
932 2072 1031 2158 Regis
1045 2073 1392 2140 redeuntibusaTerra

247 2173 376 2253 Sancte,
390 2174 433 2237 ad
446 2194 605 2259 expensas
614 2195 727 2238 eorum
738 2173 976 2260 acquietandas,
991 2173 1151 2259 exemptis
1163 2177 1391 2242 tantummodo

249 2274 453 2360 Templariis,
469 2274 709 2359 Hospitalariis,
723 2285 758 2340 et
772 2274 938 2340 monachis
950 2273 1232 2340 cisterciensibus.

291 2378 418 2458 Postea,
440 2377 546 2463 prima
566 2377 619 2442 die
642 2377 816 2444 Dominica
848 2377 1101 2464 quadragesime,
1126 2386 1206 2445 hanc
1234 2382 1391 2468 temporis
1404 2393 1441 2442 De
1454 2395 1578 2458 antepe-

243 2480 397 2547 vicesimo
424 2489 517 2546 sexto
543 2480 595 2544 die
621 2481 798 2563 Februarii,
820 2483 942 2548 electus
973 2481 1230 2564 cantuariensis,
1258 2473 1466 2554 nominem

244 2584 407 2650 Robertua
423 2583 464 2649 de
480 2583 705 2670 Kylewareby,
728 2596 933 2652 consecratus
955 2585 1018 2650 fuit
1031 2585 1119 2671 apud
1134 2584 1342 2654 cantuariam
1355 2589 1391 2654 in

246 2683 431 2749 cathedrali
455 2683 588 2748 ecclesia
610 2682 728 2750 Sancte
752 2685 930 2749 Trinitatis.
977 2685 1071 2749 'llrnc
1095 2684 1227 2749 suerunt
1250 2687 1296 2751 ibi
1319 2710 1392 2773 pre-

245 2797 352 2853 sentes
384 2785 557 2870 suffragani
579 2783 631 2848 sui
654 2785 821 2869 Episcopi,
844 2786 966 2850 scilicet
989 2785 1183 2850 Laurentius
1207 2787 1248 2852 de
1270 2789 1390 2857 Sancto

241 2887 387 2953 Martino
397 2885 571 2963 Roffensis,
580 2884 1020 2970 NicholausWyntoniensis,
1032 2885 1231 2950 codofridus
1237 2888 1389 2974 lWygor-
1396 2892 1435 2952 so·
1447 2891 1495 2940 18⁶
1507 2901 1540 2942 ²⁶·

243 2989 377 3068 niensis,
392 2987 549 3054 Ricardus
564 2985 814 3066 Lincolniensis,
830 2987 929 3072 Hugo
944 2987 1107 3073 Elyensis,
1134 2988 1281 3074 Rogerua
1303 2992 1338 3056 N
1339 3015 1390 3057 or·

242 3090 412 3178 wycansis,
421 3089 617 3154 willielmus
639 3087 844 3167 Batonensis,
858 3089 1004 3174 Rogerus
1017 3088 1211 3170 cestrmsis,
1225 3090 1390 3159 Walterus

242 3192 449 3259 Exoniensis.
500 3193 634 3258 Electus
659 3213 736 3258 vero
764 3191 806 3257 de
835 3191 1023 3273 Saleaberia,
1052 3193 1184 3258 nomine
1217 3193 1390 3278 Robertus,

241 3297 304 3362 fcit
322 3317 467 3380 presens.
510 3295 557 3360 Et
580 3294 730 3362 absentes
756 3296 890 3362 fuerunt
912 3295 1076 3360 Hauricus
1102 3295 1342 3363 londoniensis
1356 3311 1391 3366 et

241 3400 410 3465 Johannes
430 3397 678 3463 Herefordensis
700 3408 834 3483 propter
847 3397 1069 3462 infirmitatem
1084 3417 1208 3463 eorum.
1252 3400 1391 3486 Stepha-

242 3525 305 3567 nus
336 3509 446 3565 autem
471 3498 648 3564 Oistrensis
673 3500 780 3565 adhuc
813 3500 877 3564 fuit
901 3499 988 3586 apud
1014 3500 1165 3579 Romam,
1187 3500 1245 3566 ubi
1270 3503 1390 3570 missus

241 3605 347 3669 fuerat
361 3623 419 3687 per
433 3600 645 3666 Octobonum
659 3600 801 3687 legatum
818 3601 916 3686 Pape,
933 3600 1018 3666 sicut
1031 3601 1249 3686 prescriptum
1262 3614 1323 3669 eat.

284 3705 537 3771 Memorandnm
560 3705 649 3791 quod
671 3727 784 3771 mense
806 3703 1006 3770 Novembris
1030 3703 1181 3788 proximo
1204 3708 1390 3790 precedenti
1402 3741 1569 3788 mmm-5„

241 3817 401 3874 venerunt
424 3807 533 3872 nuntii
561 3808 698 3875 Domini
723 3810 811 3893 Pape
835 3806 1028 3886 Londoniis,
1057 3806 1240 3873 deferentes
1265 3809 1389 3877 litteras
1398 3820 1469 3868 ΡΨ
1479 3805 1561 3854 Μ’·

243 3909 378 3995 Papales
386 3933 395 3989 3
418 3919 453 3974 et
466 3911 541 3993 quia
555 3911 720 3976 Dominus
741 3912 813 3977 Rex
834 3919 914 3975 tunc
927 3909 1084 3994 temporis
1098 3908 1232 3990 obierat,
1255 3919 1289 3976 et
1303 3911 1390 3978 filius

241 4031 331 4087 auus,
348 4009 524 4074 succedens
543 4011 578 4075 in
593 4033 740 4096 regnum,
754 4033 821 4077 non
839 4011 904 4075 fuit
925 4031 1070 4095 presens,
1094 4019 1260 4094 magnates
1274 4012 1390 4099 Anglie

240 4112 415 4178 noluerunt
429 4110 582 4195 predictis
597 4114 724 4180 nunciis
737 4115 811 4179 dare
822 4134 1027 4199 responsum,
1039 4133 1137 4195 super
1151 4113 1238 4196 quod
1252 4115 1389 4198 predicti
