3920 5022
536 581 580 639 26
893 593 1056 638 oaouron
1079 591 1257 638 unroauu
1279 591 1324 636 an

535 745 685 823 voluerit,
700 766 759 831 per
772 743 962 811 electionem
978 744 1107 811 Civium
1122 765 1243 830 ponere
1264 744 1347 808 duos
1363 741 1525 807 Custodes
1541 742 1582 806 ad
1596 742 1684 806 illam

535 849 671 914 assisam
685 849 942 927 custodiendam,
956 848 1042 914 sicut
1055 857 1150 912 antea
1164 849 1317 926 fuerunt3
1339 845 1394 930 qui
1413 846 1534 912 mortui
1550 856 1637 922 sunt,
1653 855 1689 910 et

536 961 650 1037 postea
664 951 789 1014 nullum
804 961 994 1035 preceptum
1011 950 1196 1016 habuerunt
1221 951 1318 1015 Cives
1344 948 1385 1013 ad
1408 949 1490 1013 tales
1510 947 1687 1034 eligendos.

539 1053 607 1138 Ipsi
622 1075 699 1118 vero
715 1052 890 1131 Custodes,
905 1053 1035 1138 quando
1050 1053 1166 1138 aliquis
1182 1051 1350 1116 convictus
1361 1053 1458 1117 luerit
1473 1053 1513 1116 de
1527 1063 1687 1136 trangres-

538 1157 629 1222 sione
644 1157 754 1234 assisa,
769 1155 890 1220 debent
904 1156 1016 1221 vinum
1031 1156 1065 1220 in
1089 1156 1145 1221 illo
1170 1156 1257 1221 dolio
1271 1154 1454 1234 inventum,
1479 1155 1568 1220 unde
1582 1165 1686 1219 trans·

536 1259 659 1344 gressio
677 1259 762 1324 sacta
775 1267 837 1336 est,
866 1258 1014 1338 rendere,
1039 1269 1074 1324 et
1096 1257 1215 1324 habere
1238 1257 1312 1324 illos
1339 1259 1488 1324 denarios
1503 1259 1545 1324 ad
1570 1257 1688 1344 placita

537 1383 656 1428 corone
679 1384 788 1428 coram
810 1361 1015 1442 Justitiariis,
1041 1372 1076 1427 et
1101 1361 1331 1426 nichilominus
1354 1362 1453 1428 debet
1471 1373 1690 1448 transgressor

536 1464 657 1530 ibidem
672 1463 869 1530 amerciari.''
901 1465 1060 1544 Tandem,
1075 1464 1188 1529 multis
1203 1465 1465 1531 altercationibus
1480 1466 1585 1545 factis,
1599 1465 1688 1550 posi-

537 1579 609 1632 tum
624 1568 687 1633 luit
700 1567 779 1632 illud
794 1567 962 1654 negotium
986 1567 1022 1631 in
1047 1577 1197 1651 respectu
1214 1566 1254 1632 ad
1276 1567 1476 1652 loquendum
1490 1590 1566 1633 cum
1587 1569 1688 1654 Rege.

540 1671 668 1749 Postea,
685 1669 794 1735 Maior
808 1679 842 1736 et
857 1669 955 1735 Cives
970 1679 1176 1735 accesserunt
1195 1670 1235 1734 ad
1252 1671 1372 1755 Regem
1389 1669 1475 1756 apud
1490 1667 1689 1756 Wyndleso·

539 1795 619 1853 ram,
635 1773 692 1860 qui
707 1773 818 1858 posuit
832 1774 879 1838 eis
894 1773 981 1838 diem
995 1771 1072 1838 iude
1095 1795 1198 1859 usque
1214 1773 1255 1837 ad
1269 1773 1518 1859 parliamentum
1532 1773 1566 1836 in
1584 1772 1690 1837 media

539 1875 598 1940 xlt.
614 1876 700 1961 apud
716 1875 915 1941 Londonias.
949 1876 1048 1941 Anno
1063 1876 1189 1955 eodem,
1207 1877 1242 1940 in
1258 1876 1500 1961 quadragesime
1515 1888 1549 1941 et
1565 1876 1598 1940 in
1616 1898 1690 1961 sep·

538 1979 661 2042 timens
681 1979 792 2057 Pasce,
806 1986 966 2042 venerunt
981 1979 1187 2064 quamplures
1211 1980 1378 2064 Principes
1394 1980 1586 2043 Alemannis
1601 1980 1691 2043 Lon-

540 2081 657 2159 doniis,
687 2080 820 2159 scilicet,
846 2080 1120 2167 Arohiepiseopus
1149 2081 1356 2147 Coloniensis
1381 2091 1416 2147 et
1444 2083 1498 2147 alii
1524 2082 1692 2168 Episcopi,

539 2185 649 2249 Duces
678 2192 713 2247 et
738 2182 895 2262 Comites,
925 2184 980 2268 qui
1010 2206 1124 2249 omnes
1153 2184 1300 2250 fecerunt
1328 2185 1515 2270 homagium
1544 2185 1689 2250 Domino

541 2286 679 2352 Ricardo
699 2284 833 2364 Comiti,
851 2285 886 2348 in
900 2286 1065 2370 presentia
1086 2286 1222 2351 Domini
1248 2286 1357 2372 Regis,
1383 2287 1491 2351 fratris
1507 2287 1569 2367 sui,
1591 2309 1690 2372 quem

538 2391 706 2476 elegerunt
719 2387 753 2451 in
770 2388 892 2473 Regem
905 2388 1173 2454 Alemannorum.
1214 2389 1342 2469 Postea,
1357 2389 1409 2455 die
1420 2389 1515 2454 Jovis
1530 2390 1564 2454 in
1579 2390 1692 2454 eadem

541 2492 731 2578 septimana,
748 2491 817 2576 ipse
828 2491 963 2556 recessit
977 2514 996 2555 a
1011 2491 1204 2571 Londoniis,
1218 2493 1280 2556 iter
1294 2493 1450 2578 arripiens
1465 2514 1579 2558 versus
1594 2515 1692 2572 mare,

540 2604 575 2660 et
595 2615 678 2659 uxor
692 2595 762 2679 ejus
778 2614 852 2658 oum
867 2615 918 2672 eo,
934 2603 968 2658 et
983 2594 1157 2674 Henrious,
1183 2595 1269 2659 filius
1296 2617 1377 2659 suus
1400 2594 1440 2660 de
1463 2595 1568 2681 prima
1592 2617 1695 2661 uxore

541 2721 610 2776 sus,
633 2709 735 2762 matre
756 2696 895 2761 Comitis
912 2697 1099 2776 Glovernia,
1121 2707 1155 2761 et
1177 2707 1359 2784 posuerunt
1381 2719 1417 2761 se
1442 2697 1476 2762 in
1503 2720 1590 2763 mare
1605 2699 1693 2783 apud

540 2801 742 2880 Gememue,
757 2799 912 2865 vicesimo
940 2801 1081 2885 septimo
1107 2800 1160 2865 die
1188 2801 1321 2886 Aprilis,
1347 2811 1381 2865 et
1405 2800 1632 2886 applicuerunt
1659 2802 1694 2866 in

540 2907 625 2970 festo
652 2904 795 2990 Philippi
819 2914 853 2970 et
876 2903 994 2969 Jacobi
1014 2903 1101 2988 apud
1125 2903 1323 2982 Thurdrakt,
1349 2925 1411 2988 que
1436 2903 1498 2968 sita
1521 2914 1573 2968 est
1598 2927 1696 2990 super

537 3030 655 3094 aquam
671 3030 734 3093 que
747 3018 882 3072 vocatur
898 3007 1039 3072 Musele.
1058 3007 1177 3071 Postea
1190 3007 1225 3070 in
1239 3007 1440 3072 Ascensione
1457 3006 1592 3072 Domini
1604 3029 1696 3073 coro·

540 3118 637 3174 natus
651 3111 725 3188 fuit,
740 3110 825 3174 sieut
839 3117 931 3193 patet
945 3109 980 3172 in
997 3109 1115 3172 litteris
1131 3108 1334 3195 subscriptis.

585 3210 754 3288 Ricardus,
782 3210 847 3274 Dei
870 3209 973 3294 gratia
998 3210 1220 3275 Romanorum
1247 3213 1329 3292 Rex,
1356 3233 1485 3298 semper
1514 3213 1695 3298 Augustus,

541 3311 662 3376 Maiori
676 3321 710 3375 et
719 3309 856 3375 Civibus
872 3311 1129 3391 Londonisrum,
1145 3314 1283 3378 salutem
1300 3323 1334 3379 et
1348 3337 1446 3380 omne
1461 3313 1596 3380 bonum.
1640 3317 1698 3381 Li-

537 3415 658 3480 benter
671 3415 801 3479 votivos
810 3425 845 3481 et
855 3414 997 3480 celebres
1010 3425 1121 3481 nostre
1135 3417 1299 3481 felicitatis
1310 3427 1446 3482 eventus
1457 3417 1497 3482 ad
1509 3428 1696 3484 nostrorum

545 3518 735 3605 specialium
747 3519 844 3585 corda
854 3520 1090 3599 manasserimu,
1102 3521 1271 3586 credentes
1282 3520 1317 3585 in
1329 3520 1424 3586 nobis
1436 3532 1515 3586 tunc
1525 3535 1699 3607 augmenta

546 3621 718 3706 congaudii
733 3621 906 3706 geminari3
928 3631 963 3687 et
976 3623 1139 3708 precipue,
1155 3645 1228 3688 oum
1245 3624 1286 3687 sd
1306 3645 1399 3688 eures
1413 3632 1547 3705 vestras,
1562 3648 1642 3710 quas
1657 3649 1699 3692 ex

547 3725 626 3792 fidei
637 3724 777 3810 puritate
796 3734 830 3788 et
843 3723 958 3790 intime
973 3724 1152 3790 affectionis
1168 3725 1237 3790 zelo
1252 3725 1337 3790 circa
1351 3737 1499 3791 nostrum
1516 3737 1637 3792 statum
1649 3739 1700 3793 at·

548 3839 656 3894 tentas
680 3849 752 3894 esse
772 3826 978 3906 confidimus,
1002 3827 1105 3894 letitie
1130 3839 1241 3894 nostre
1261 3829 1413 3915 trepudia
1428 3829 1626 3912 derivamus,
1641 3833 1697 3899 illo

549 3930 662 4017 procul
677 3929 776 3996 dubio
791 3929 912 3995 nostris
937 3929 1107 3996 affectibus
1130 3931 1333 3996 inhererente
1356 3931 1527 4010 desiderio,
1542 3935 1629 4018 quod
1645 3936 1701 4000 de-

547 4035 682 4100 lectaret
702 4055 763 4100 nos
788 4034 900 4120 potius
914 4033 984 4114 heo,
998 4044 1033 4099 et
1048 4035 1190 4120 quelibet
1212 4034 1274 4098 alia
1295 4037 1378 4100 festa
1391 4035 1628 4121 presentialiter
1643 4061 1703 4104 vo-

549 4135 676 4204 biscum
690 4157 852 4223 peragere,
861 4159 958 4223 quam
968 4137 1155 4223 interpretis
1167 4136 1326 4222 scriptore
1341 4137 1521 4203 ministerio
1537 4139 1701 4207 nunciare.
