3930 5088
531 575 787 627 vrescourvou
812 580 1099 627 nosnonrnauu.
1329 565 1390 637 147

238 735 328 799 omni
341 733 463 820 populo
473 733 767 799 excommunicavit
789 753 903 799 omnes
925 732 982 820 qui
1007 734 1128 813 lavore,
1144 733 1303 811 mercede,
1319 734 1389 819 pie·

239 844 317 916 tate,
337 858 394 900 seu
415 834 645 914 misericordia,
667 834 761 899 alicui
779 833 819 899 de
843 833 979 899 Civibus
995 843 1151 920 parceret,
1166 856 1208 899 ne
1219 835 1390 899 transisset

239 959 298 1022 per
308 937 478 1021 judicium.
524 937 576 1001 Its
589 936 687 1022 quod,
702 944 779 1021 post
796 937 894 1001 latam
907 936 1101 1001 sententiam
1116 957 1209 1001 suam
1224 936 1388 1002 Dominus

113 1121 119 1130 Ι
241 1041 310 1105 Rex
325 1041 406 1104 nulli
420 1039 558 1125 aliquam
569 1038 704 1124 gretiam
713 1037 818 1102 voluit
832 1038 987 1120 conferre,
998 1038 1075 1104 licet
1083 1039 1199 1103 fuisset
1212 1038 1387 1123 requisitus

238 1163 298 1225 per
311 1143 431 1208 multos
448 1143 534 1207 viros
553 1141 720 1227 religiosos
743 1151 911 1206 manentes
933 1141 1017 1206 infra
1032 1140 1206 1207 Civitatem
1231 1151 1264 1206 et
1286 1151 1386 1206 extra.

239 1243 286 1308 Et
299 1253 378 1310 tunc
400 1245 500 1310 nichil
522 1244 695 1309 allocutum
718 1243 781 1307 fuit
796 1242 942 1322 Civibus,
954 1243 1043 1329 quod
1059 1243 1150 1308 Prior
1164 1252 1198 1308 et
1212 1243 1386 1329 complices

239 1346 289 1409 sui
312 1347 445 1411 fuerunt
467 1347 556 1431 origo
581 1355 616 1410 et
639 1367 735 1411 causa
760 1343 862 1408 totius
876 1345 963 1408 illius
977 1345 1157 1424 infortunii,
1171 1367 1231 1411 nec
1246 1345 1387 1430 dampna

239 1469 300 1512 nee
314 1457 365 1513 tot
379 1449 473 1526 mala,
489 1469 552 1533 que
564 1448 661 1513 Cives
684 1435 772 1532 passi
799 1457 879 1510 sunt
899 1468 959 1532 per
982 1447 1162 1532 predictum
1184 1448 1329 1512 Priorem
1353 1456 1388 1512 et

238 1571 327 1628 suos,
343 1560 395 1616 set
415 1550 644 1616 tantummodo
662 1550 770 1630 factal
785 1559 836 1614 est
849 1549 1028 1634 inquisitio,
1051 1551 1107 1636 qui
1128 1552 1259 1615 fuerunt
1281 1551 1316 1614 in
1330 1549 1432 1618 illosv·
1444 1555 1489 1605 181
1504 1563 1535 1605 ν’·

239 1652 404 1731 conflictu,
419 1653 474 1737 qui
489 1672 603 1716 omnes
618 1651 659 1717 de
673 1652 736 1716 hoe
750 1651 907 1728 indictae,
916 1673 974 1737 per
980 1654 1141 1738 juratores
1155 1663 1260 1717 morte
1275 1653 1388 1736 damp-

240 1753 319 1832 nati,
342 1763 386 1834 et,
405 1753 610 1839 adjudicante
625 1753 803 1819 Laurentio
825 1753 867 1818 de
890 1754 1010 1834 Broke,
1032 1753 1087 1840 qui
1113 1763 1165 1818 est
1189 1753 1387 1838 justiciarius

238 1856 325 1940 apud
349 1856 496 1941 Neugate
519 1856 561 1920 ad
576 1855 736 1944 Gayolam
760 1855 1010 1937 deliberandam,
1024 1855 1080 1941 qui
1095 1864 1175 1920 tunc
1188 1855 1252 1918 fuit
1265 1851 1387 1918 ibidem

238 1977 383 2042 presens,
406 1959 539 2024 fuerunt
560 1959 697 2044 juvenes
722 1959 764 2024 de
789 1958 928 2024 Ciuitate
951 1978 1087 2022 numero
1109 1955 1235 2021 circiter
1257 1955 1389 2039 triginta

238 2059 459 2124 crudelissima
472 2070 578 2126 morte
593 2061 770 2146 dampnati,
786 2060 918 2141 seilicet,
934 2059 1080 2138 detracti,
1094 2057 1255 2142 suspensi,
1270 2066 1304 2122 et
1318 2077 1389 2122 cor·

238 2182 318 2248 pora
332 2171 409 2247 post
421 2171 561 2227 mortem
575 2162 650 2249 igne
665 2170 815 2228 cremata.
862 2161 1005 2229 Quidam
1019 2183 1097 2226 vero
1112 2160 1261 2225 sacerdos
1276 2170 1310 2224 et
1321 2159 1386 2224 duo

237 2263 344 2330 clerici
358 2264 529 2330 manifeste
544 2276 623 2331 sunt
647 2265 788 2331 convicti
808 2265 924 2330 fecisse
938 2263 1100 2329 roberiam
1114 2263 1148 2327 in
1164 2262 1219 2326 illo
1233 2261 1387 2342 ecclesia3

238 2365 295 2450 qui
309 2367 419 2432 traditi
443 2376 522 2431 sunt
549 2367 704 2454 episcopo
730 2368 772 2432 ad
792 2366 1005 2453 judicandum
1021 2366 1200 2430 seeundum
1214 2375 1388 2430 consuetu·

239 2469 348 2534 dinem
364 2479 474 2535 sancte
488 2471 632 2537 ecclesie.

283 2572 412 2652 Postea,
421 2595 479 2659 per
492 2573 694 2640 verissimam
709 2573 955 2660 inquisitionem
969 2574 1014 2640 xl.
1029 2573 1169 2639 militum
1181 2594 1283 2658 prope
1299 2571 1389 2637 Civi-

237 2681 339 2738 tatem
352 2675 564 2756 manentium,
589 2686 793 2761 compertum
815 2675 968 2762 estquod
987 2675 1042 2738 illa
1063 2673 1197 2740 ecclesia
1218 2671 1389 2738 combusta

238 2775 301 2840 fuit
325 2797 385 2862 per
406 2777 498 2841 illum
527 2777 746 2856 maledictum,
772 2789 806 2841 et
828 2798 896 2841 non
925 2797 984 2862 per
1011 2776 1119 2862 ignem
1141 2775 1282 2840 Civium.
1328 2776 1387 2841 Ille

238 2901 378 2965 namque
398 2881 506 2946 oculte
524 2880 635 2945 venire
660 2880 780 2945 lecerat
792 2879 901 2944 fabros
916 2900 1046 2943 sursum
1059 2879 1094 2941 in
1109 2878 1223 2942 turrim
1243 2878 1387 2958 ecclesie,

238 2981 294 3066 qui
323 2983 470 3048 fecerunt
498 2982 544 3047 ibi
574 2982 640 3046 tela
664 2991 699 3046 et
726 2981 792 3069 pils
820 2982 862 3046 ad
891 2979 1086 3046 trahendum
1110 3001 1185 3044 cum
1209 2978 1286 3058 illis,
1312 3001 1386 3044 cum

237 3083 364 3148 balistis
393 3087 428 3150 in
449 3085 589 3151 Civitate
615 3084 671 3171 qui
696 3105 774 3150 vero
802 3083 885 3148 fabri
908 3105 983 3149 eum
1001 3083 1162 3148 vidissent
1182 3081 1387 3147 Berefridum

237 3184 395 3266 comburi,
410 3185 496 3251 sicut
510 3187 725 3272 prescriptum
741 3195 802 3266 est,
815 3195 998 3272 posuerunt
1023 3207 1058 3250 se
1080 3185 1115 3250 in
1137 3185 1247 3270 fugam
1270 3194 1305 3249 et
1319 3202 1387 3248 nou

237 3286 446 3350 extinxerunt
470 3286 578 3372 ignem
609 3309 726 3366 suum,
749 3310 815 3374 quo
838 3288 913 3373 igne
937 3287 1155 3352 invalescente
1178 3307 1312 3352 accensa
1336 3297 1388 3352 est

236 3387 334 3453 turris
359 3397 394 3452 et
416 3386 551 3452 ecclesia
569 3387 750 3454 combusta.
796 3389 1010 3474 Compertum
1035 3399 1087 3453 est
1108 3387 1207 3453 etiam
1229 3389 1318 3474 quod
1332 3389 1386 3453 ille

236 3479 454 3577 nequissimus
485 3491 577 3554 Prior
609 3502 823 3576 proposuerat
852 3501 955 3557 totam
987 3491 1161 3557 Civitatem
1185 3489 1385 3573 comburere,

236 3593 324 3658 unde
339 3591 409 3678 ipse
423 3613 482 3677 per
492 3592 650 3677 quosdam
660 3593 834 3679 complices
845 3614 922 3657 suos
931 3592 1008 3657 feeit
1022 3592 1129 3678 ignem
1137 3593 1215 3678 poni
1230 3593 1264 3657 in
1279 3593 1383 3658 tribus

235 3695 315 3760 locis
332 3693 492 3758 Civitatis.
537 3693 679 3760 Quidam
694 3716 770 3759 vero
786 3695 826 3760 de
843 3691 978 3759 Civibus
993 3693 1139 3759 volentes
1154 3693 1276 3757 malum
1288 3717 1384 3759 suum

235 3797 399 3861 vindicare
413 3795 492 3860 illud
508 3796 649 3882 pessime
668 3805 967 3882 augmentaverunt.
1010 3795 1099 3860 Nam
1114 3795 1178 3881 ipsi
1197 3795 1254 3861 illo
1268 3797 1384 3862 eodem

234 3899 309 3985 igne
324 3900 559 3964 succenderunt
573 3911 700 3985 portam
716 3901 756 3964 de
770 3898 917 3986 predicto
929 3898 1087 3978 Prioratu,
1102 3900 1143 3964 de
1157 3921 1221 3985 qua
1235 3901 1383 3984 superius

235 4000 359 4064 mentio
374 4002 459 4065 facts
475 4011 535 4066 est.
581 4001 658 4067 Fuit
677 4003 774 4067 etiam
795 4002 850 4067 ille
873 4023 1013 4088 nequam
1036 4001 1129 4065 Prior
1153 4002 1321 4066 convictus
1342 4003 1384 4068 de

233 4100 420 4181 homicidio,
435 4102 475 4166 de
489 4101 625 4184 robaria,
640 4114 674 4168 et
693 4103 733 4169 de
754 4104 823 4168 aliis
838 4102 1126 4170 innumerabilibus
1141 4103 1384 4173 crudelitatibus
