3930 5088
553 629 811 676 vrcnoourrurr
837 628 1128 675 nouoonrauorr.
1351 619 1411 678 119

260 795 297 852 et
310 783 409 865 lude,
426 783 503 850 fecit
524 783 688 848 Dominus
712 782 784 848 Rex
805 781 916 848 venire
941 803 1049 848 coram
1076 803 1112 848 se
1136 791 1171 848 et
1193 783 1329 849 consilio
1353 805 1413 850 suo

261 889 369 954 dictos
383 895 577 953 mercatores
592 885 680 970 apud
695 883 1036 964 westmonasterium,
1050 894 1085 949 et
1106 883 1181 969 quia
1195 884 1257 969 ipsi
1273 885 1414 950 convicti

261 999 342 1057 sunt
355 989 552 1075 ponderasse
567 1009 626 1073 per
640 997 776 1053 stateras
791 1008 903 1052 eorum
919 995 1032 1051 contra
1045 986 1299 1072 prohibitionem
1316 987 1413 1072 Regis

265 1103 298 1159 et
313 1102 390 1177 post
403 1089 689 1177 proclamationem
705 1089 822 1154 iactam
841 1088 877 1152 in
901 1086 1053 1166 Civitate,
1078 1098 1112 1153 et
1137 1087 1212 1172 quia
1238 1097 1355 1154 statere
1381 1098 1416 1154 et

265 1195 410 1280 pondera
423 1215 547 1272 eorum,
562 1191 691 1277 quaudo
706 1190 890 1256 examinata
903 1189 1035 1255 fuerunt
1059 1189 1093 1254 in
1119 1189 1294 1255 Escambio
1316 1191 1415 1276 Regis

267 1298 401 1362 fuerunt
414 1296 504 1374 falsa,
519 1304 558 1359 ut
572 1293 701 1373 dicitur,
722 1292 866 1370 inventa,
879 1291 943 1377 ipsi
964 1292 1138 1377 adjudicati
1152 1294 1283 1358 luerunt
1298 1294 1331 1357 in
1355 1292 1416 1357 mi-

265 1399 451 1477 sericordia,
465 1407 500 1464 et
524 1397 565 1464 ad
590 1395 756 1482 prisonem
768 1419 778 1475 3
804 1394 861 1480 qui
884 1395 1006 1474 statim,
1027 1417 1163 1462 numero
1189 1395 1314 1462 circiter
1339 1393 1416 1476 xxli,

267 1501 400 1566 adducti
415 1507 493 1564 sunt
508 1498 549 1562 ad
562 1497 703 1576 Turrim,
715 1505 751 1562 et
765 1495 811 1562 ibi
825 1496 1039 1581 imprisonati.
1095 1497 1136 1562 In
1151 1497 1292 1563 crastino
1306 1507 1416 1562 autem

262 1611 382 1667 statere
396 1622 509 1665 eorum
524 1607 558 1662 et
571 1598 716 1685 pondera
729 1597 764 1660 in
789 1596 969 1682 Westchep
984 1599 1116 1663 fuerunt
1143 1609 1358 1678 concremata,
1383 1609 1418 1664 et

261 1705 351 1790 quod
365 1723 424 1789 per
438 1703 546 1787 ignem
561 1723 627 1764 non
642 1699 751 1785 potuit
765 1699 923 1777 consumi,
936 1699 1060 1764 malleis
1075 1700 1186 1766 ferreis
1200 1701 1262 1766 fuit
1277 1701 1416 1766 lractum

262 1816 299 1871 et
312 1805 441 1891 penitus
457 1810 720 1888 conquassatum.
765 1801 810 1865 Et
825 1801 888 1865 boc
902 1802 1024 1866 facturn
1039 1802 1102 1866 fuit
1122 1801 1156 1866 in
1172 1802 1318 1868 absentia
1333 1803 1416 1868 Cus-

264 1907 351 1972 todis
369 1915 404 1971 et
419 1903 618 1970 Ballivorum
646 1902 818 1982 Civitatis3
845 1903 901 1967 sed
928 1903 1133 1969 solummodo
1156 1926 1215 1990 per
1233 1904 1416 1969 Walterum

266 2009 380 2074 Hervi.
424 2009 518 2072 'Iirno
532 2008 679 2073 fecerunt
693 2005 829 2091 predicti
844 2015 1037 2071 mercatores
1053 2005 1151 2072 finem
1163 2028 1277 2072 versus
1293 2009 1415 2092 Regem

265 2132 325 2196 pro
339 2108 426 2174 mille
440 2107 531 2173 libris
547 2107 786 2192 sterlingorum,
801 2116 835 2173 et
848 2107 941 2193 quasi
955 2107 1068 2188 coacti,
1089 2109 1165 2193 quia
1178 2109 1212 2173 in
1227 2109 1415 2196 turpissimo

264 2234 390 2278 carcere
405 2211 528 2277 intrudi
543 2210 770 2276 formidabant.

310 2317 386 2382 Hoc
396 2337 482 2381 anno
497 2315 635 2379 missum
650 2323 702 2379 est
715 2314 813 2378 breve
825 2312 961 2378 Domini
971 2313 1068 2400 Regis
1080 2313 1163 2380 circa
1174 2315 1293 2380 lestum
1305 2315 1416 2380 Sancti

267 2417 428 2496 Nicholai,
459 2415 609 2494 Custodi,
637 2414 772 2480 Ballivis
796 2423 830 2480 et
852 2414 1080 2480 Aldermannis
1110 2416 1272 2498 Civitatis,
1294 2417 1328 2481 in
1352 2439 1416 2502 quo

264 2519 492 2586 continebatur
507 2517 595 2604 quod
617 2517 688 2602 ipse
702 2516 859 2602 precepit,
884 2526 922 2581 ut
945 2539 1059 2583 omnes
1078 2519 1125 2584 illi
1145 2518 1212 2604 qui,
1234 2529 1311 2604 post
1330 2518 1417 2584 Civi-

265 2631 367 2686 tatem
382 2620 412 2684 ei
426 2619 597 2697 redditam,
616 2619 849 2703 elongaverunt
875 2642 910 2684 se
934 2642 953 2684 a
975 2618 1115 2685 Ciuitate
1136 2631 1226 2686 metu
1248 2621 1419 2686 amittendi

265 2723 366 2787 vitam
387 2727 401 2802 l
409 2721 462 2786 vel
477 2718 633 2797 membra,
647 2729 681 2783 et
695 2727 774 2782 sunt
787 2720 917 2796 reversi,
927 2720 1095 2803 ejiciantur
1110 2743 1129 2784 a
1141 2720 1292 2799 Ciuitate,
1307 2743 1348 2785 ne
1360 2744 1417 2806 per
1422 2737 1461 2796 fo.
1474 2734 1520 2781 ιιι
1532 2741 1563 2784 ιι.

265 2825 339 2890 illos
355 2824 398 2887 sit
411 2823 529 2886 iterum
542 2822 653 2884 fusum
678 2839 841 2884 venenum
855 2819 890 2882 in
907 2819 1068 2898 Civitate3
1093 2821 1192 2901 unde,
1217 2824 1417 2907 congregatis

267 2925 426 3003 Custode,
442 2922 585 3001 Rabirio,
601 2932 635 2987 et
648 2921 807 2985 universis
822 2921 1060 3000 Aldermannis,
1075 2922 1212 3007 predicti
1226 2922 1317 2988 brevi
1331 2925 1416 2991 lecto

140 3068 142 3079 ‹
266 3038 302 3092 et
315 3026 490 3105 intellecto,
506 3024 627 3089 Custos
642 3023 778 3108 protulit
803 3022 975 3107 quemdam
1001 3022 1156 3101 rotulum,
1182 3045 1278 3110 quem
1304 3025 1418 3091 habuit

268 3129 304 3194 in
327 3127 528 3194 Warderoba
556 3127 691 3192 Domini
728 3126 837 3212 Regis,
873 3125 999 3211 inquo
1032 3126 1153 3212 scripta
1182 3137 1261 3194 sunt
1285 3129 1419 3195 nomina

268 3230 457 3310 multorum,
473 3229 528 3314 qui
538 3230 572 3292 in
588 3228 831 3314 perturbatione
845 3226 936 3312 regni
949 3227 1048 3312 gratis
1072 3229 1270 3295 adheserunt
1295 3230 1418 3296 Comiti

270 3330 455 3411 leicestrie,
471 3330 624 3396 facientes
639 3329 886 3414 depredationes
900 3327 935 3393 in
946 3329 1086 3394 Ciuitate
1101 3339 1135 3394 et
1149 3341 1259 3412 extra3
1275 3332 1330 3417 qui
1340 3355 1418 3398 vero

268 3435 395 3500 rotulus
410 3433 611 3520 compositus
626 3433 689 3497 fuit
710 3453 769 3517 per
789 3430 1034 3516 inquisitionem
1059 3433 1261 3516 quorundam
1289 3435 1418 3500 Civium

269 3538 309 3602 de
324 3535 529 3620 legalioribus
546 3533 708 3614 Civitatis,
717 3541 751 3597 et
765 3533 884 3597 missus
899 3531 1182 3599 adWarderobam
1195 3536 1292 3621 Regis
1308 3536 1418 3603 atatim

268 3646 443 3724 postquam
457 3634 572 3701 fuitei
597 3634 733 3700 reddita.
793 3633 870 3702 Quo
894 3634 1001 3700 rotulo
1023 3633 1109 3700 lecto
1134 3644 1169 3699 et
1191 3635 1355 3704 intellecto
1380 3661 1417 3705 ac

269 3739 464 3818 examinato,
480 3737 614 3803 scrutati
629 3746 707 3801 sunt
728 3735 809 3802 tales
832 3746 866 3802 et
889 3736 1021 3801 nomina
1045 3735 1192 3822 ipsorum
1216 3738 1252 3804 in
1277 3741 1417 3826 quodam

269 3840 376 3905 rotulo
391 3840 521 3924 scripta.
566 3840 693 3917 Postea,
709 3848 823 3922 quarto
838 3838 891 3904 die
906 3849 981 3906 aute
1005 3839 1145 3905 Nathale
1169 3841 1315 3920 Domini,
1341 3863 1418 3906 oon-

269 3949 400 4026 gregato
415 3940 641 4006 innumerabili
656 3940 778 4026 populo
793 3941 833 4006 de
857 3941 997 4007 Ciuitate
1019 3941 1055 4007 in
1082 3941 1218 4007 Camera
1244 3942 1417 4023 Gildballe‚

269 4041 472 4125 divulgatum
487 4050 538 4105 est
552 4041 633 4105 illud
648 4042 827 4128 negotium,
848 4053 882 4108 et
902 4045 1023 4110 lectum
1046 4053 1100 4110 est
1113 4044 1296 4129 predictam
1319 4043 1418 4109 breve

271 4142 406 4208 Domini
423 4142 533 4226 Regis,
548 4152 581 4207 et
595 4143 678 4208 lecta
693 4154 771 4208 sunt
785 4145 918 4210 nomina
932 4145 1073 4225 illorum,
1084 4147 1140 4230 qui
1153 4147 1325 4212 amovendi
1341 4154 1419 4211 sunt
