3920 5022
531 635 790 683 vrcrcourrurr
815 635 1102 682 nonnonrnnuu.
1349 617 1387 679 15

241 791 283 854 ad
297 791 561 876 respondendum
577 790 618 854 de
632 799 804 875 prenotato
816 789 950 874 judicio,
962 788 1050 875 quod
1064 789 1186 852 factum
1200 786 1263 852 tuit
1278 797 1390 852 contra

241 895 419 978 predictam
442 893 635 978 Margariam
661 892 756 977 Vyel,
779 902 813 958 et
836 893 882 957 sic
908 894 948 958 de
972 893 1024 957 die
1046 893 1080 956 in
1104 892 1190 956 diem
1219 913 1323 976 usque
1349 890 1390 953 ad

241 1005 391 1079 quartum
410 997 516 1075 diem;
538 1017 603 1080 quo
627 995 680 1059 die
704 995 869 1058 Dominus
894 996 965 1058 Rex
986 995 1111 1079 rogavit
1124 994 1209 1073 illos,
1223 1004 1261 1057 ut
1275 1015 1390 1058 conce·

242 1098 356 1163 derent
379 1096 500 1163 Abbati
527 1097 812 1163 westmonasterii
836 1099 878 1162 ad
903 1096 1068 1163 habendas
1097 1096 1274 1174 libertates,
1308 1116 1390 1179 quos

240 1199 310 1284 ipse
329 1200 361 1266 ei
380 1200 513 1264 dederat
532 1198 566 1262 in
583 1198 751 1263 Comitatu
766 1200 975 1284 Myddelsex‚
989 1199 1022 1262 in
1039 1197 1242 1263 excambium
1257 1197 1391 1260 aliarum

240 1301 437 1381 libertatum,
464 1323 543 1386 quas
570 1300 667 1364 Cives
696 1311 874 1384 potuerunt
897 1302 937 1366 de
963 1301 1036 1385 jure
1062 1309 1182 1384 petere.
1226 1298 1280 1362 Ad
1304 1297 1392 1382 quod

244 1405 342 1470 Cives
356 1403 606 1490 responderunt,
635 1403 753 1487 “quod
768 1402 868 1467 nichil
888 1403 965 1468 inde
988 1404 1092 1468 facere
1118 1410 1296 1487 potuerunt
1322 1401 1392 1464 sine

240 1529 375 1570 assensu
387 1505 488 1569 totius
505 1504 720 1568 Commune.”
744 1505 835 1571 Quin
850 1506 1072 1591 apprehensus
1086 1506 1167 1582 Rex,
1177 1503 1267 1589 quasi
1283 1513 1392 1567 motus

241 1606 275 1671 in
288 1609 379 1685 iram,
391 1607 468 1670 fecit
479 1627 535 1669 eos
547 1605 656 1669 venire
668 1627 775 1670 coram
789 1629 835 1685 se,
851 1619 884 1670 et
895 1607 1006 1671 multis
1021 1604 1284 1670 altercationibus
1299 1603 1393 1668 factis

242 1731 341 1794 super
355 1709 502 1794 predicto
521 1707 655 1792 judicio,
671 1717 705 1771 et
728 1708 871 1773 Henrico
893 1710 933 1774 de
956 1711 988 1774 la
1008 1709 1113 1788 Mera,
1133 1707 1227 1772 affine
1250 1707 1393 1793 predicte

241 1811 403 1895 Margarie
420 1810 516 1896 Vyel,
536 1831 664 1895 semper
686 1811 844 1896 allegante
866 1821 978 1875 contra
995 1811 1111 1890 Cives3
1134 1811 1267 1875 tandem
1281 1809 1394 1873 habito

241 1914 376 1978 consilio
391 1913 630 1999 Episcoporum
646 1925 680 1978 et
703 1914 867 1978 Beronum
890 1937 998 1979 coram
1015 1915 1159 1978 Domino
1177 1914 1263 1998 Rege
1287 1912 1395 1976 Maior

246 2025 280 2080 et
294 2015 380 2080 cives
396 2014 497 2100 quieti
511 2025 723 2080 recesserunt.
769 2015 895 2080 Eodem
918 2039 1004 2081 anno
1024 2017 1127 2080 factus
1146 2026 1197 2080 est
1212 2015 1321 2079 Maior
1335 2014 1395 2077 ite·

241 2140 314 2182 rum
345 2118 488 2182 Michael
512 2118 616 2204 Tovy.
661 2119 915 2184 Memorandum
941 2119 1127 2204 quodcum
1159 2119 1283 2204 Symon
1309 2117 1395 2180 tilius

241 2221 347 2286 Marie
375 2243 435 2306 pro
464 2221 582 2286 delicto
613 2244 673 2286 suo
703 2223 890 2286 tradidisset
918 2222 1210 2287 Aldermannatum
1237 2244 1331 2285 suum
1360 2221 1396 2284 in

240 2346 357 2387 menus
378 2322 530 2402 civitatis,
546 2323 631 2387 sicut
646 2325 794 2408 superius
810 2333 959 2388 notatum
976 2335 1036 2403 est,
1051 2335 1130 2389 tuno
1153 2345 1211 2409 per
1225 2344 1394 2387 assensum

239 2425 342 2490 totius
365 2446 537 2489 commune
553 2425 663 2490 Maior
688 2427 830 2490 reddidit
850 2426 880 2491 ei
894 2426 1186 2491 Aldermannatum
1210 2448 1318 2504 suurn,
1338 2424 1396 2488 teli

239 2528 437 2606 conditione,
453 2527 541 2612 quod
555 2527 626 2612 ipse
646 2529 817 2608 concessit,
833 2530 861 2593 si
875 2530 1014 2614 amplius
1030 2531 1138 2616 aliquo
1156 2539 1303 2614 ternpore
1318 2549 1396 2592 oon-

241 2640 291 2695 tre
306 2630 486 2696 libertatem
503 2629 653 2695 Civitatis
664 2632 799 2710 veniret,
815 2633 903 2716 quod
926 2633 1035 2696 Maior
1053 2640 1167 2717 posset
1187 2631 1256 2695 sine
1277 2629 1396 2714 placito

242 2733 296 2798 vel
332 2732 587 2798 contradictione
619 2733 725 2816 alique
755 2734 1048 2798 Aldermannetum
1079 2756 1175 2797 suum
1209 2733 1242 2796 in
1277 2753 1393 2796 manus

243 2835 393 2900 Civitatis
422 2834 587 2912 rehabere,
617 2831 688 2916 ipso
718 2834 849 2916 penitus
879 2844 1038 2898 amoturo.
1084 2833 1182 2898 Unde
1205 2833 1268 2897 hoc
1298 2855 1394 2909 anno,

241 2938 316 3023 quia
341 2939 448 3002 dietus
473 2935 597 3020 Symon
622 2944 755 2998 steterat
778 2936 948 2998 manifeste
975 2957 1049 2998 curn
1077 2935 1239 3017 Margaria
1253 2935 1337 3018 Vyel
1359 2935 1393 2997 in

242 3037 454 3122 querimonia,
470 3057 565 3119 quern
581 3036 636 3098 illa
649 3037 768 3100 fecerat
782 3036 928 3101 Domino
945 3036 1025 3120 Regi
1041 3037 1080 3100 de
1103 3035 1227 3120 judicio
1248 3034 1324 3098 dato
1340 3057 1399 3119 per

243 3141 351 3218 Cives,
367 3141 407 3204 de
423 3161 487 3224 quo
502 3139 573 3223 ipsa
597 3139 745 3204 convicta
767 3141 841 3218 fuit,
864 3139 949 3205 sicut
970 3140 1190 3225 prescriptum
1215 3148 1276 3219 est,
1300 3149 1335 3203 et
1354 3139 1397 3203 ob

241 3242 361 3306 multas
390 3241 467 3304 alias
496 3262 612 3324 pravas
636 3264 749 3306 causas
773 3252 807 3308 et
832 3242 1050 3321 detestabiles,
1076 3263 1156 3328 ques
1183 3241 1254 3327 ipse
1284 3250 1398 3306 eontra

243 3345 418 3410 Civitatem
441 3343 566 3407 occulte
588 3355 841 3428 perpetraverat,
868 3347 977 3411 Maior
999 3346 1086 3431 cepit
1104 3345 1397 3409 Alderrnannatum
1449 3373 1452 3379 ·

240 3448 382 3513 illumin
398 3469 531 3510 manum
554 3467 657 3522 suern,
683 3448 756 3534 ipso
781 3449 914 3514 omnino
940 3458 1070 3527 amot03
1093 3457 1127 3512 et
1141 3447 1289 3511 homines
1309 3447 1396 3511 illius

241 3553 357 3630 warde,
382 3560 513 3634 accepta
541 3548 671 3614 licentia
696 3551 845 3635 eligendi,
871 3551 1036 3636 elegerunt
1061 3550 1095 3614 in
1122 3549 1174 3614 die
1199 3550 1293 3614 Lune
1318 3561 1394 3614 ante

240 3653 380 3719 mediam
410 3650 685 3736 quadragesimam
711 3654 933 3717 Alexendrum
958 3653 988 3717 le
1015 3653 1151 3732 Ferrun,
1177 3662 1211 3716 et
1236 3652 1333 3716 etiam
1357 3651 1392 3714 in

241 3756 387 3823 absentia
400 3755 498 3833 illius,
524 3754 580 3838 qui
601 3765 716 3839 postea
739 3757 874 3822 veniens
896 3757 931 3821 in
952 3755 1130 3841 Hustingo,
1154 3756 1206 3820 die
1221 3755 1315 3820 Lune
1341 3777 1391 3819 se-

240 3859 362 3945 quenti,
397 3857 557 3921 admissus
595 3868 646 3922 est
675 3861 925 3926 Aldermannus.
970 3860 1096 3924 Eodem
1126 3880 1212 3922 anno
1241 3859 1275 3922 in
1305 3859 1389 3922 festo

240 3963 351 4026 Sancti
367 3960 494 4024 Mathai
509 3972 668 4025 venerunt
683 3985 828 4029 rumores
844 3963 1038 4042 Londoniis‚
1053 3961 1141 4046 quod
1156 3961 1227 4024 Rex
1243 3961 1437 4040 Francie,1>0
1448 3981 1555 4057 capreae

241 4063 396 4148 navigans
427 4085 502 4127 oum
531 4085 648 4149 magno
678 4069 822 4134 exercitu
846 4067 1032 4133 Christiano
1061 4086 1159 4151 super
1184 4063 1387 4144 Sarracenos,
1398 4045 1603 4172 sswffim
