3956 5022
565 598 605 656 lt
922 611 1084 658 onosma
1107 613 1285 659 unrouuu
1310 616 1356 659 rr

563 761 691 846 elapsis.
736 761 834 828 Unde
860 761 966 828 dictus
996 764 1174 830 Nicholaus
1205 765 1373 852 depositus
1402 763 1465 829 fuit
1492 763 1527 827 in
1558 760 1711 828 Crastino

564 861 682 928 Sancte
697 863 799 929 Lucie
818 887 838 929 a
856 864 1095 946 vicecomitatu,
1118 878 1152 933 et
1177 869 1341 934 Dominus
1361 869 1434 934 Rex
1457 865 1569 954 posuit
1585 865 1620 930 in
1638 865 1711 931 loco

564 988 624 1031 auo
637 967 661 1033 J
662 969 823 1034 ohannem
835 969 875 1033 de
888 968 1063 1055 Gyscorcz.
1088 970 1207 1036 Postea
1214 992 1291 1037 vero
1303 971 1408 1036 dictus
1422 970 1446 1036 J
1448 970 1592 1034 ohannes
1602 969 1712 1032 factus

564 1079 615 1133 eat
629 1069 738 1134 Maior
751 1069 787 1134 in
802 1070 943 1134 secunda
958 1070 1011 1134 die
1033 1081 1109 1135 ante
1123 1073 1245 1138 festum
1260 1073 1371 1138 Sancti
1388 1072 1526 1152 Hillarii,
1548 1081 1582 1136 et
1596 1070 1712 1136 eodem

564 1169 616 1233 die
630 1181 834 1254 presentatus
846 1173 990 1237 Domino
1007 1175 1088 1260 Regi
1102 1177 1189 1260 apud
1204 1175 1532 1241 westmonasterium
1544 1182 1578 1238 et
1592 1171 1712 1236 admis-

565 1295 632 1339 rus.
664 1275 751 1339 Nam
762 1276 927 1342 Dominus
941 1278 1014 1343 Rex
1027 1278 1134 1343 noluit
1148 1279 1271 1344 dictum
1284 1279 1480 1344 Michaelem
1490 1277 1584 1364 Tovy
1595 1273 1712 1340 admit·

562 1384 631 1442 tere
649 1376 685 1441 in
700 1377 897 1442 Maioratum
923 1401 982 1463 pro
998 1402 1133 1445 assensu
1154 1391 1337 1467 prenotato,
1352 1381 1408 1467 qui
1426 1379 1556 1466 reliquit
1570 1378 1712 1443 Maiora-

562 1487 645 1557 tum,
660 1489 694 1544 et
707 1479 811 1544 factus
826 1492 878 1545 est
893 1481 1002 1546 Maior
1015 1482 1039 1546 J
1040 1483 1184 1549 ohannes
1200 1484 1240 1548 de
1256 1484 1413 1571 Gyseorn.
1444 1482 1563 1546 Postea
1577 1480 1611 1544 in
1626 1481 1712 1546 festo

563 1581 675 1647 Sancti
685 1581 855 1649 Vincentia
871 1584 980 1664 Cives,
995 1585 1069 1670 quia
1084 1608 1151 1650 non
1167 1587 1352 1650 habuerunt
1372 1585 1435 1649 nisi
1458 1607 1560 1649 unum
1577 1581 1713 1648 Viceco-

563 1684 687 1765 mitem,
709 1686 870 1772 eligerunt
896 1685 1077 1752 Robertum
1100 1688 1140 1753 de
1165 1687 1355 1767 Korenhell,
1380 1697 1414 1751 et
1441 1684 1598 1751 remansit
1627 1684 1713 1748 vice-

563 1810 683 1855 comes.
1639 1789 1641 1794 ’

342 1924 391 1972 μ,
404 1922 551 2000 camp„
651 1890 736 1954 Item
752 1889 876 1976 Symon
891 1889 976 1954 filius
992 1890 1109 1955 Marie.

334 1990 391 2065 fiae.
403 2003 464 2036 Μ’
476 2005 543 2052 ’¹⁹²⁸
649 1991 845 2056 Laurentius
861 1991 901 2056 de
917 1991 1066 2078 Frowyk.

341 2069 463 2118 mom.
607 2093 683 2160 Hoc
709 2114 794 2156 anno
817 2102 975 2178 oeperunt
998 2093 1095 2158 Cives
1120 2093 1365 2158 Londoniarum
1388 2093 1492 2178 ripam
1513 2093 1637 2178 Regina
1663 2093 1704 2157 ed

562 2198 689 2262 firmam
703 2216 763 2280 pro
780 2194 804 2260 l.
826 2193 917 2259 libris
940 2217 999 2280 per
1025 2218 1147 2260 annum
1171 2195 1345 2260 reddendis
1368 2195 1491 2260 Comiti
1506 2195 1656 2274 Ricardo,
1678 2209 1711 2259 et

562 2301 606 2364 lx.
619 2297 730 2363 solidis
746 2296 889 2362 Infirmis
902 2297 1013 2363 Sancti
1027 2298 1136 2384 Egidii
1150 2307 1241 2363 extra
1251 2298 1451 2363 Londonias.
1482 2298 1610 2363 Eodem
1625 2319 1711 2362 enno

561 2403 666 2466 factus
681 2408 733 2463 est
756 2398 865 2462 Maior
891 2398 1007 2463 Petrus
1032 2400 1118 2464 filius
1141 2399 1258 2479 Alani3
1281 2408 1315 2463 et
1336 2401 1452 2465 eodem
1466 2422 1563 2480 anno,
1580 2399 1712 2476 scilicet,

563 2523 649 2568 anno
671 2499 773 2586 gratie
799 2500 862 2565 ΜΟ.
875 2499 956 2565 00⁰.
972 2501 1064 2586 xlvj0.
1078 2502 1232 2567 vicesimo
1258 2502 1310 2566 die
1337 2502 1514 2582 Februarii,
1534 2504 1639 2567 factus
1663 2510 1715 2566 est

563 2617 648 2670 terre
667 2611 778 2667 motus
792 2603 879 2686 apud
901 2602 1090 2667 Londonias
1111 2603 1194 2668 circa
1216 2603 1329 2668 horam
1348 2625 1479 2668 nonam.
1525 2605 1601 2669 Hoc
1616 2624 1714 2683 anno,

565 2707 696 2786 scilieet,
710 2707 776 2796 xvj.
792 2705 845 2770 die
866 2705 999 2791 Aprilis,
1024 2727 1116 2772 soror
1138 2706 1275 2770 Domini
1299 2707 1396 2792 Regia
1423 2729 1463 2772 ex
1488 2717 1580 2792 parte
1600 2707 1713 2771 matris

565 2833 633 2891 sue,
658 2809 724 2874 filia
751 2809 891 2875 Comitis
917 2808 1007 2874 dela
1033 2808 1179 2888 Marche,
1206 2809 1297 2874 venit
1319 2810 1406 2895 apud
1429 2810 1629 2889 Londonias,
1651 2832 1714 2895 que

563 2914 713 2979 maritata
726 2913 789 2977 fuit
805 2911 927 2977 Comiti
941 2910 1128 2976 Warennie.
1161 2911 1290 2976 Eodem
1301 2933 1399 2991 anno,
1411 2911 1462 2976 die
1477 2911 1554 2975 lune
1564 2913 1714 2997 proximo

563 3026 641 3102 post
653 3015 826 3101 Hokeday,
841 3013 1061 3099 adjudicatum
1073 3013 1136 3077 fuit
1147 3013 1180 3077 in
1198 3013 1343 3079 Gildhall
1353 3016 1441 3100 quod
1451 3015 1566 3078 mulier
1580 3024 1667 3078 certa
1681 3023 1716 3079 et

565 3119 747 3204 specificata
761 3117 838 3181 dote
862 3116 973 3180 dotata
987 3137 1054 3179 non
1070 3125 1180 3198 potest
1194 3139 1255 3183 nec
1273 3118 1370 3184 debet
1384 3118 1523 3203 amplius
1539 3115 1658 3182 habere
1673 3118 1714 3183 de

565 3219 687 3285 catallis
701 3218 763 3283 viri
777 3217 829 3281 sui
851 3214 1006 3294 defuncti,
1031 3236 1126 3299 quam
1154 3228 1275 3283 certam
1301 3231 1336 3285 et
1361 3219 1577 3305 specificatam
1604 3219 1714 3284 dotem

566 3320 628 3388 sibi
643 3319 848 3404 assignatam,
863 3316 927 3381 nisi
942 3316 982 3381 dc
997 3315 1165 3383 voluntate
1186 3319 1247 3384 viri
1270 3321 1332 3388 sui.
1377 3321 1452 3387 Hoc
1463 3333 1573 3386 eutem
1587 3321 1715 3386 contin-

565 3423 662 3510 gebat
686 3444 745 3509 per
769 3420 975 3507 Margariem,
999 3419 1143 3486 relictam
1172 3422 1334 3490 Johannis
1371 3424 1456 3510 Vyel
1485 3424 1630 3504 senioris,
1653 3446 1716 3509 que

566 3523 700 3611 petebat
721 3525 756 3588 in
781 3523 948 3608 Hustingo
972 3523 1217 3591 Londoniarum
1241 3528 1370 3593 tertiam
1386 3537 1512 3612 partem
1527 3529 1716 3593 catellorum

567 3629 645 3695 dicti
659 3627 721 3694 viri
742 3627 793 3690 sui
815 3647 873 3711 per
896 3626 1089 3692 multimoda
1101 3626 1212 3694 brevia
1233 3629 1370 3696 Domini
1384 3629 1493 3715 Regia.
1539 3631 1614 3696 Hoc
1629 3651 1716 3696 anno

569 3732 661 3800 Prior
675 3728 787 3795 Sancti
797 3727 1019 3793 Bartholomei
1035 3739 1069 3794 et
1084 3728 1242 3794 canonici
1250 3750 1309 3813 per
1323 3727 1496 3793 consilium
1511 3738 1545 3796 et
1559 3729 1716 3795 auxilium

567 3831 735 3900 Willielmi
751 3831 790 3895 de
813 3829 988 3909 Hauerille,
1002 3830 1208 3895 Thesaurarii
1221 3831 1358 3895 Domini
1373 3831 1484 3916 Regis,
1499 3840 1533 3897 ct
1554 3832 1717 3899 Johannis

568 3938 609 4006 de
628 3936 791 4013 Koudres,
817 3952 929 4000 eorum
956 3931 1151 4012 Sokncrere,
1166 3941 1201 3997 et
1215 3931 1365 3998 Nicholai
1386 3934 1445 4000 lilii
1459 3935 1481 4000 J
1483 3957 1574 4022 ocey,
1588 3957 1717 4002 creare·

568 4052 647 4110 runt
659 4062 761 4106 unum
777 4060 900 4103 norum
915 4037 1058 4103 tronium
1080 4037 1114 4102 in
1134 4035 1251 4122 vigilia
1273 4035 1384 4102 Sancti
1409 4037 1641 4119 Bartholomei,
1655 4061 1716 4105 no-

569 4147 674 4218 lentes
701 4140 888 4235 permittere
904 4140 992 4226 quod
1008 4139 1122 4230 aliquis
1143 4139 1337 4228 ponderaret
1352 4139 1416 4205 nisi
1438 4161 1513 4206 curn
1529 4141 1639 4208 tronio
1655 4143 1712 4208 illo
