3886 5010
546 564 804 612 vteecoumuu
829 565 1114 614 eomnommeuu.
1340 550 1400 626 177

300 715 384 780 Item
399 715 542 782 Michael
556 719 649 804 'l'ovy
663 737 838 803 perunum
853 739 985 783 annum.

300 819 386 882 Item
402 818 496 883 Idem
511 839 570 904 per
584 842 688 884 unum
704 841 838 884 annum.

299 921 445 1007 Rogerus
459 921 544 986 filius
560 922 678 1007 Rogeri
691 943 751 1008 per
764 944 866 988 unum
881 943 1014 986 annum.

298 1021 467 1088 Iohannes
482 1023 630 1088 Norman
641 1045 699 1110 per
712 1045 816 1089 unum
831 1045 964 1089 annum.

297 1124 403 1188 Adam
418 1125 458 1190 de
474 1125 630 1211 Basinges
645 1147 820 1210 perunum
836 1148 968 1191 annum.

296 1224 466 1292 Iohannes
481 1227 522 1292 de
536 1228 701 1293 'l'uleshen
716 1249 892 1313 perunum
907 1249 1040 1291 annum.

299 1327 478 1395 Nioholeus
494 1330 558 1393 Bet
570 1351 629 1414 per
643 1351 746 1394 unum
761 1351 894 1394 annum.

299 1430 458 1494 Redulfus
475 1430 598 1495 Hardel
607 1452 666 1516 per
680 1452 782 1495 unum
798 1453 930 1496 annum.

300 1531 387 1595 Item
403 1531 496 1596 Idem
511 1553 569 1617 per
583 1554 686 1597 unum
702 1555 835 1598 annum.

301 1632 386 1696 Item
403 1632 495 1698 Idem
510 1655 684 1718 perunum
699 1657 831 1700 annum.

300 1735 387 1799 Item
402 1735 495 1800 Idem
510 1757 614 1820 usque
637 1736 679 1800 ed
702 1736 777 1801 idus
800 1735 978 1815 Februarii,
1000 1744 1035 1802 et
1048 1743 1128 1801 tunc
1152 1756 1212 1820 per
1235 1736 1404 1801 residuum

256 1837 334 1900 anni
347 1836 543 1902 Willielmus
558 1837 644 1902 filius
659 1838 800 1903 Ricardi.

301 1941 387 2005 Item
401 1940 424 2006 J
426 1940 570 2006 ohannes
585 1940 626 2005 de
642 1939 794 2006 Gizoreio
809 1962 868 2026 per
881 1962 985 2006 unum
1000 1961 1135 2005 annum.

301 2041 386 2106 Item
400 2042 598 2108 Willielmus
613 2041 699 2107 filius
715 2042 845 2108 Ricardi
858 2064 918 2130 per
931 2065 1034 2109 unum
1049 2065 1182 2108 annum.

302 2145 387 2209 Item
403 2144 496 2210 Idem
511 2165 687 2230 perunum
701 2168 834 2212 annum.
1416 2158 1571 2209 memte.

298 2248 442 2313 'l'homas
456 2247 543 2313 filius
557 2249 684 2314 'l'home
698 2270 757 2334 per
771 2271 873 2314 unum
888 2270 1021 2314 annum.

301 2350 386 2416 Item
402 2351 496 2417 Idem
510 2373 568 2436 per
582 2373 685 2417 unum
699 2373 833 2418 annum.

300 2453 385 2518 Item
402 2453 495 2520 Idem
510 2453 631 2520 electus
646 2463 679 2518 et
692 2463 898 2539 presentatus
912 2453 954 2518 ed
969 2453 1144 2520 monrium
1158 2465 1193 2521 et
1206 2475 1272 2519 non
1284 2454 1403 2519 admis-

256 2577 323 2634 sus,
338 2563 494 2621 ettamen
510 2555 602 2620 stetit
615 2575 791 2641 perunum
805 2577 938 2620 annum.

300 2658 385 2722 Item
401 2657 494 2721 Idem
509 2657 631 2722 electus
646 2665 680 2721 et
693 2655 854 2721 admissus
869 2677 1044 2741 perunum
1070 2679 1202 2722 annum.
1247 2657 1315 2721 lete
1340 2657 1403 2720 fuit
1414 2659 1515 2722 Reum
1524 2658 1553 2706 ¹¹¹⁸

255 2759 391 2823 memus
407 2758 571 2823 Maiomm
583 2757 827 2822 Londondmm
842 2759 946 2822 factus
961 2758 995 2822 in
1010 2758 1094 2823 festo
1110 2758 1252 2824 simone
1267 2723 1624 2836 aetutem-stit&

255 2881 342 2925 anno
357 2859 424 2924 mi
439 2857 677 2943 M⁰cc0lxiiij.
