3920 5022
543 610 800 674 vrcncourrcrr
824 625 1111 673 nounorsraaurr.
1353 610 1394 667 43

250 799 335 857 rum,
350 775 418 842 sive
433 777 474 841 de
488 776 604 842 namiis
619 778 740 863 injuste
765 777 879 864 captis.
924 777 988 844 Sed
1004 775 1140 864 quilibet
1153 774 1306 840 ostendat
1320 795 1397 858 que-

250 880 422 944 rimoniam
435 901 528 945 suam
542 900 598 946 ore
612 880 744 964 proprio
758 888 793 945 et
806 901 881 965 pars
892 879 1027 944 adversa
1041 878 1199 956 similiter,
1221 877 1291 941 sine
1306 897 1397 940 occa·

252 981 354 1059 aione,
363 981 408 1044 ita
419 981 507 1066 quod
517 981 691 1066 prudentis
700 980 810 1060 Curia,
819 980 993 1046 certificata
1006 981 1105 1047 darei
1119 980 1397 1064 veritate,prestet

250 1083 398 1168 partibus
420 1104 538 1167 equum
561 1091 595 1148 et
605 1082 732 1167 justum
743 1082 913 1168 judicium.
958 1081 1055 1162 Item,
1070 1081 1099 1146 si
1113 1081 1220 1166 aliquo
1234 1079 1397 1144 causidico

251 1191 383 1268 pactum
411 1182 509 1247 fucrit
529 1181 670 1248 habendi
699 1184 839 1269 aliquam
864 1193 990 1269 partem
1024 1183 1213 1262 tenementi,
1243 1203 1303 1266 pro
1332 1202 1397 1264 quo

251 1285 394 1369 placitat,
405 1283 529 1350 ratione
544 1285 701 1350 mercedis
713 1308 781 1365 sue,
792 1296 826 1352 et
835 1307 933 1372 super
946 1287 1010 1351 hoc
1024 1287 1192 1351 convictus
1208 1285 1260 1362 sit,
1270 1283 1398 1348 amittet

251 1398 377 1472 partem
390 1388 489 1466 illam,
511 1399 545 1453 et
560 1387 777 1473 suspendatur
790 1388 831 1454 ab
842 1387 948 1453 officio
964 1410 1034 1454 auo.
1076 1388 1122 1453 Et
1138 1389 1184 1453 ita
1197 1387 1255 1451 fiat
1269 1386 1309 1450 de
1322 1385 1397 1464 illis,

251 1491 308 1576 qui
333 1511 431 1576 super
460 1491 516 1556 tali
539 1490 793 1576 transgressione
813 1490 954 1556 convicti
975 1490 1107 1570 suerint,
1130 1490 1218 1574 quod
1247 1488 1398 1553 amittant

251 1601 378 1678 partem
392 1615 485 1656 suam
499 1592 545 1656 ita
557 1591 779 1676 perquisitam,
794 1603 829 1656 et
841 1593 981 1678 graviter
994 1593 1180 1678 puniantur.

296 1693 424 1759 Eodem
439 1693 492 1758 die
505 1693 674 1758 Johannes
690 1695 843 1759 Maunsel
857 1695 940 1759 dixit
956 1717 1016 1781 pro
1033 1694 1177 1760 Domino
1193 1695 1291 1778 Rege,
1310 1691 1397 1776 quod
1410 1689 1446 1736 ΒΦ
1461 1688 1601 1736 mmm

253 1797 324 1883 ipse
339 1795 402 1860 fuit
424 1795 618 1860 certificatus
642 1797 816 1862 Amulium
841 1796 945 1862 filium
968 1795 1152 1876 Thedmari‚
1168 1795 1208 1860 de
1224 1816 1288 1878 quo
1303 1816 1399 1879 supe-
1411 1754 1597 1864 midinis

254 1899 321 1963 rius
332 1897 456 1962 mentio
464 1898 549 1962 facta
560 1905 622 1977 est,
634 1897 734 1962 nichil
742 1898 927 1984 deliquisse,
942 1907 976 1964 et
986 1898 1075 1983 quod
1088 1897 1210 1983 injuste
1224 1897 1287 1960 fuit
1297 1897 1401 1961 indic·
1412 1887 1497 1930 'mm
1505 1897 1580 1928 ’Μ

254 2003 354 2073 tatus,
373 1994 536 2060 revocavit
549 2016 626 2059 eum
647 1995 689 2059 ad
707 2017 821 2082 pacem
841 2006 875 2062 et
887 1999 1023 2082 gratiam
1039 2021 1142 2078 suam,
1157 2009 1191 2064 et
1204 1998 1350 2084 precepit
1364 2007 1402 2062 ut

254 2096 325 2183 ipae
336 2106 424 2162 esset
436 2095 472 2160 in
486 2106 608 2162 statum
622 2119 715 2164 suam
726 2099 907 2166 restitutus.

298 2199 374 2266 Hoc
384 2219 483 2279 anno,
490 2198 525 2264 in
535 2199 687 2266 Crastino
700 2201 812 2268 Sancti
819 2201 993 2280 Leonardi,
1004 2201 1138 2266 recessit
1149 2201 1313 2267 Dominus
1330 2203 1400 2266 Rex
1413 2191 1598 2318 mugga*

255 2301 468 2366 aIcndoniia
493 2323 607 2367 versus
621 2324 720 2382 mare,
739 2312 773 2368 et
790 2304 896 2370 dictus
910 2305 1067 2369 Amulius
1078 2303 1130 2368 die
1149 2298 1402 2390 Lunesequenti
1555 2288 1562 2304 ’

255 2403 291 2469 in
306 2403 472 2490 Hustingo
487 2403 613 2488 positus
622 2405 685 2470 fuit
692 2405 727 2470 in
742 2406 895 2474 seisinam
904 2407 945 2472 de
955 2406 1078 2471 Warda
1092 2425 1161 2485 sna,
1176 2405 1216 2472 de
1231 2427 1295 2491 qua
1309 2416 1404 2471 antea

255 2505 425 2592 depositus
439 2504 512 2569 fuit.

299 2608 418 2673 Postea
431 2607 465 2671 in
480 2608 564 2672 sesto
579 2605 666 2672 beati
678 2607 789 2688 Bricii,
803 2620 882 2676 tunc
896 2609 1053 2694 temporis
1068 2608 1121 2672 die
1135 2608 1282 2687 Veneria,
1297 2617 1405 2672 trans·

254 2709 384 2774 fretavit
403 2709 567 2773 Dominus
591 2709 683 2788 Rex3
711 2710 768 2794 qui
787 2721 883 2775 antea
901 2711 944 2775 ad
963 2731 1076 2795 pacem
1102 2722 1136 2774 et
1156 2710 1291 2794 gratim
1312 2731 1404 2773 suam

256 2817 464 2874 revocaverat
487 2808 683 2872 Nicholaum
705 2809 809 2874 filium
834 2809 938 2888 Jooei,
957 2810 1144 2876 Johanncm
1167 2811 1197 2874 le
1221 2810 1346 2887 Minur,
1371 2822 1406 2875 et

257 2908 430 2973 Matheum
451 2907 604 2987 Dukerel,
624 2908 797 2992 dequibus
822 2909 972 2994 superius
996 2909 1037 2973 fit
1059 2909 1195 2974 mentio.
1245 2910 1404 2974 Radulfus

261 3009 396 3088 Hardel,
411 3009 590 3073 Nicholaus
606 3008 681 3090 Bat,
692 3018 726 3074 ct
739 3010 763 3075 J
764 3010 910 3074 ohannes
925 3009 1066 3074 Tulesan
1079 3009 1240 3076 obierunt.

301 3111 376 3176 Hoc
390 3133 487 3190 anno,
498 3119 573 3175 ante
588 3111 705 3176 Natale
716 3111 862 3191 Domini,
871 3122 1032 3177 mutatum
1047 3121 1099 3178 est
1112 3111 1252 3197 sigillum
1267 3113 1403 3178 Domini
1414 3127 1451 3174 De
1467 3141 1526 3173 nom
1546 3125 1625 3188 apuu

258 3211 368 3296 Regis,
390 3211 494 3276 adhuc
509 3213 594 3277 ultra
613 3233 700 3277 mare
714 3211 894 3291 existentis,
908 3213 1002 3298 cujus
1016 3214 1246 3300 superscriptio
1257 3215 1330 3280 talis
1341 3226 1401 3294 est,
1410 3190 1625 3317 fflss'ffl,

257 3312 452 3378 “chricus
468 3314 532 3378 Dei
554 3314 656 3399 gratia
675 3316 747 3380 Rex
769 3315 897 3401 Anglic,
918 3315 1082 3382 Dominus
1104 3315 1261 3382 Hibernia
1276 3325 1311 3381 et
1325 3316 1404 3381 Dux
1415 3320 1522 3394 ‘iona
1541 3319 1607 3393 aare,

257 3415 487 3501 Aquitannie.'’
1415 3383 1611 3508 :ffmffl

301 3517 348 3581 Et
362 3525 442 3580 tunc
455 3517 601 3582 factaest
615 3517 739 3582 stabilis
758 3539 823 3605 pax
844 3518 929 3583 inter
949 3519 1107 3604 ipsamet
1126 3520 1249 3604 Regem
1271 3521 1405 3586 Francis
1416 3511 1472 3559 Μ
1482 3511 1626 3623 Wt'

256 3619 292 3683 in
315 3619 420 3683 forma
442 3617 646 3705 subscripta3
684 3620 845 3700 videlicet,
870 3620 958 3705 quod
982 3620 1054 3705 ipse
1080 3619 1227 3704 quietum
1255 3575 1626 3714 clamavitaeinptaissd

259 3721 339 3804 Regi
355 3721 490 3786 Francia
501 3729 608 3785 totum
619 3721 676 3806 jus
687 3730 721 3786 at
730 3720 894 3800 damiam,
917 3722 1003 3805 quod
1018 3722 1133 3788 habuit
1146 3723 1182 3787 in
1191 3701 1627 3826 Normanniaffssssmffss'ssfflliffi

259 3822 401 3887 Pictavia
425 3833 459 3887 et
479 3823 671 3908 Andigavia‚
694 3832 820 3890 retentu
845 3823 908 3889 sibi
931 3825 1158 3890 tantummodo
1187 3824 1349 3890 Vasconis
1370 3829 1624 3904 etsspussttetyla

259 3921 452 4006 quibusdam
463 3924 533 3988 aliis
550 3925 697 4009 partibus
711 3924 918 4011 Aquitannie,
934 3927 975 3991 de
990 3927 1107 4011 quibus
1115 3926 1186 4011 ipsa
1199 3927 1278 3992 fecit
1290 3928 1403 3993 homa·
1414 3894 1482 4004 m
1481 3973 1492 4008 ,-
1498 3900 1600 4002 m

258 4022 347 4106 giam
363 4023 443 4106 Regi
454 4025 597 4090 Francia.
640 4027 734 4094 Tunc
744 4027 900 4112 temporis
910 4027 1000 4093 dedit
1009 4028 1096 4094 idem
1110 4029 1181 4094 Rex
1191 4029 1308 4114 Anglia
1320 4031 1402 4096 Bea-
1413 4026 1611 4133 fflfflm

259 4122 1237 4206 tacemfinmsuammnocommnfiamerauxoam.
1469 4099 1486 4145 ⁹
