3920 5022
523 581 566 650 38
884 599 1048 646 cnosson
1072 600 1251 648 moruus
1276 601 1321 648 ru

532 753 573 818 de
589 749 794 828 Monteforti‚
812 751 958 835 Rogems
974 751 1014 816 ds
1030 751 1166 816 Mortuo
1182 750 1279 830 Meri,
1290 747 1435 818 Jscobur
1450 749 1491 814 de
1505 747 1684 836 Audeleye‚

532 853 701 922 Johsnnes
718 853 881 920 Msunsel.

576 956 622 1023 Et
637 957 712 1042 quis
726 965 805 1022 tunc
820 955 976 1042 temporis
1000 957 1114 1022 fratres
1130 954 1265 1020 Domini
1288 954 1386 1041 Regis
1407 975 1447 1020 ex
1465 963 1556 1040 perte
1571 952 1683 1020 metris

533 1079 602 1136 tue,
625 1057 746 1124 scilicet
767 1057 931 1122 Dominus
958 1057 1130 1143 Eymerus,
1145 1056 1279 1122 Electus
1294 1054 1553 1141 Wyntoniensis,
1568 1054 1685 1120 Domi·

532 1183 595 1226 nus
610 1160 807 1227 Willielmus
831 1160 872 1226 de
898 1159 1061 1240 valencia,
1084 1158 1141 1244 qui
1158 1159 1412 1246 desponsaverat
1434 1157 1534 1225 filiam
1555 1156 1683 1225 Wsrini

533 1263 574 1328 de
589 1262 847 1348 Munchenesey,
871 1261 1035 1328 Dominus
1051 1260 1217 1328 Geliridus
1240 1261 1281 1328 de
1304 1260 1438 1345 Liseny‚
1463 1269 1497 1326 et
1519 1259 1682 1326 Dominus

534 1363 661 1450 Gwydo
684 1365 725 1430 ds
753 1364 885 1448 Liseny,
909 1362 1085 1429 noluerunt
1108 1363 1264 1430 assentire
1287 1364 1329 1428 sd
1351 1362 1431 1428 illud
1442 1362 1683 1447 juramentum

533 1467 590 1534 ted
607 1467 676 1532 sine
690 1467 821 1532 licentis
834 1474 1039 1532 retraxerunt
1053 1487 1088 1530 se
1114 1487 1132 1528 s
1158 1466 1247 1531 dicto
1268 1466 1484 1544 Perlsmento,
1499 1474 1533 1530 et
1546 1463 1683 1550 profecti

533 1577 610 1634 sunt
624 1591 699 1634 cum
714 1568 811 1634 ermis
826 1569 894 1634 suis
909 1577 943 1634 et
956 1568 1106 1634 hernesio
1122 1590 1181 1633 suo
1191 1591 1303 1634 versus
1323 1590 1421 1648 mere,
1437 1577 1471 1634 et
1485 1568 1682 1634 nsnsnenti

532 1669 682 1751 fuissent,
698 1671 726 1736 si
740 1671 932 1738 habuissent
946 1692 1057 1738 naves.
1102 1671 1168 1757 Ipsi
1186 1682 1301 1758 postes
1321 1671 1356 1737 in
1379 1671 1580 1756 parlamento
1595 1670 1683 1756 spud

531 1771 736 1840 Wintonism
749 1771 906 1840 licentiati
920 1773 1053 1838 fuerunt
1073 1795 1131 1859 per
1152 1773 1309 1851 Berones,
1330 1783 1368 1839 ut
1392 1773 1518 1838 exirent
1542 1796 1562 1838 s
1582 1793 1682 1856 regno

530 1875 658 1959 Anglie,
673 1884 708 1940 et
722 1876 817 1941 dutus
827 1876 889 1940 suit
899 1875 945 1942 eis
961 1876 1030 1941 dies
1045 1886 1084 1940 ut
1099 1885 1209 1942 essent
1224 1876 1264 1940 sd
1281 1875 1455 1941 Doveriem
1471 1876 1513 1940 ed
1527 1875 1681 1939 transim-

531 1975 678 2054 tandum,
707 1975 760 2042 die
789 1977 963 2042 Dominics
991 1985 1068 2062 post
1096 1977 1217 2041 festum
1254 1975 1367 2042 Sancti
1396 1976 1491 2062 Sylee
1521 1975 1681 2060 spostoli;

532 2075 649 2162 quibus
665 2097 742 2142 vcro
757 2097 824 2142 non
836 2077 899 2141 fuit
913 2077 1107 2162 permissum
1123 2077 1163 2141 nd
1180 2076 1366 2142 ducendum
1380 2099 1491 2142 secum
1506 2076 1625 2161 aliquid
1641 2076 1682 2142 de

531 2179 691 2244 thesauris
707 2179 785 2257 suis,
808 2179 872 2246 nisi
895 2181 936 2246 de
959 2179 1186 2246 tantummodo
1211 2189 1369 2264 quantum
1392 2178 1564 2264 oportebat
1578 2179 1624 2244 eis
1639 2179 1681 2244 sd

531 2303 700 2365 expensus.
745 2281 871 2346 Eodem
886 2283 985 2348 modo
1000 2281 1195 2347 Willielmus
1206 2281 1247 2346 de
1257 2280 1377 2346 Sancto
1392 2279 1528 2344 Ermino
1543 2280 1682 2344 etmulti

531 2383 585 2450 alii
610 2384 753 2450 extranei
769 2383 925 2450 licentiati
947 2387 1089 2462 fuerunt,
1104 2383 1159 2468 qui
1182 2403 1306 2462 omnes,
1332 2383 1385 2448 die
1410 2381 1585 2448 Dominics
1606 2403 1680 2468 pre·

531 2485 618 2552 dicte
632 2484 700 2552 sive
714 2485 749 2550 in
764 2485 916 2564 crastino,
928 2486 1227 2550 transfretaverunt.

574 2587 826 2652 Memorandum
839 2587 927 2671 quod
942 2587 1110 2652 occasione
1124 2587 1343 2673 predictorum
1358 2586 1552 2672 provisionis
1567 2597 1601 2652 et
1615 2597 1680 2653 stn-

530 2691 593 2756 tuti
618 2711 677 2776 per
697 2691 820 2755 dictum
836 2691 1073 2776 parlamentum
1090 2689 1220 2756 Oxonie
1238 2691 1397 2755 tectorum
1412 2713 1479 2755 non
1494 2690 1680 2757 observato-

529 2815 613 2874 rum,
633 2815 788 2879 processu
810 2794 978 2879 temporis,
992 2794 1054 2860 fuit
1078 2816 1214 2880 regnum
1229 2793 1346 2879 Anglie
1360 2794 1446 2859 ultre
1459 2794 1592 2859 modum
1608 2815 1680 2879 per·

529 2897 707 2977 turbatum,
722 2905 755 2962 et
769 2897 872 2962 mults
891 2897 979 2962 milis
993 2897 1164 2965 hominum
1179 2897 1355 2982 perierunt,
1372 2897 1456 2962 sicut
1469 2897 1504 2961 in
1518 2897 1581 2961 hoc
1595 2896 1678 2962 libro

528 3001 662 3068 inferius
677 3010 817 3067 notetur.

572 3104 619 3168 Et
633 3104 801 3168 sciendum
823 3112 874 3166 est
894 3102 980 3185 quod
995 3101 1030 3164 in
1047 3101 1193 3186 predicto
1215 3103 1416 3186 parlamento
1432 3101 1560 3166 Oxonie
1574 3101 1679 3166 fectus

529 3214 580 3269 cst
593 3204 794 3270 Justitisrius
817 3202 919 3266 totius
941 3201 1058 3286 Anglio
1080 3224 1139 3285 per
1162 3202 1352 3268 electionem
1374 3203 1551 3282 Beronum,
1579 3203 1678 3289 Hugo

529 3309 647 3393 Bygot,
662 3309 759 3370 freter
775 3305 968 3384 Merescelli,
983 3314 1017 3369 et
1028 3304 1145 3370 tradite
1159 3314 1211 3370 est
1225 3307 1255 3370 ei
1268 3307 1380 3371 Turris
1393 3307 1647 3374 Londonierum.

305 3417 477 3464 mmmm
571 3410 671 3472 Anno
685 3406 800 3472 eodem
814 3406 849 3472 in
866 3405 1017 3472 Crastino
1033 3407 1150 3472 Sancte
1166 3407 1271 3472 Maris
1294 3408 1498 3494 Msgdslene,
1518 3411 1677 3476 existente

302 3481 447 3592 mm
461 3497 515 3606 ᾗ.
529 3510 673 3576 Domino
690 3511 777 3595 Rege
792 3509 880 3596 apud
901 3510 1240 3591 Westmonssterium,
1255 3521 1460 3578 accesserunt
1482 3513 1612 3598 quidem
1636 3511 1677 3578 de

311 3609 409 3657 Μ
422 3610 515 3658 omre.
529 3611 681 3699 predictis
701 3611 872 3677 duodecim
899 3613 1082 3679 Beronibus
1105 3615 1147 3680 sd
1162 3614 1326 3680 Gildhslle
1345 3615 1598 3690 Londoninrum,
1615 3614 1677 3679 soi-

528 3717 614 3794 licet,
636 3713 755 3779 Comes
783 3714 1004 3795 Morescallus,
1030 3715 1193 3781 Dominus
1223 3715 1337 3781 Simon
1363 3717 1404 3782 de
1432 3718 1549 3782 Monte
1575 3718 1676 3798 Foru,

529 3819 552 3884 J
553 3819 697 3883 ohannes
708 3815 795 3880 filius
811 3815 948 3880 Galiridi
973 3816 1085 3894 etalii,
1101 3817 1282 3882 deferentes
1303 3840 1412 3883 secum
1429 3820 1591 3905 quendem
1606 3841 1674 3884 car·

527 3932 605 4000 tem,
620 3919 662 3984 sd
676 3941 772 4004 quam
796 3917 981 4003 pendebant
1003 3919 1106 4003 sigilla
1119 3918 1332 4005 plurimorum
1348 3920 1513 3986 Beronum
1529 3932 1563 3988 et
1577 3923 1675 3986 etism

528 4024 668 4111 sigillum
679 4021 814 4088 Domini
830 4021 927 4107 Regis
939 4031 972 4086 et
987 4021 1138 4086 Edwardi
1150 4021 1207 4087 filii
1222 4024 1312 4108 ejus3
1336 4025 1402 4109 qui,
1418 4025 1549 4102 scilicet,
1565 4046 1676 4090 assen-

528 4151 601 4195 sum
626 4125 822 4215 prcbuernnt
836 4134 870 4191 ct
879 4124 980 4210 jursti
995 4125 1124 4191 fuerant
1138 4125 1178 4190 sd
1197 4127 1374 4193 tenendum
1389 4136 1424 4192 et
1437 4126 1676 4193 observandum
