3920 5022
564 563 606 622 54
922 576 1085 625 cnosson
1108 579 1287 626 unionum
1313 581 1357 626 rr

560 731 632 792 “en
656 729 779 796 vellent
803 728 974 796 observare
994 730 1097 796 dietus
1117 731 1337 798 ordinationes
1359 743 1394 799 et
1416 740 1550 808 statute,
1572 733 1657 800 facta
1670 734 1712 800 ed

557 828 717 896 honorem
736 830 811 910 Dei,
833 832 874 896 sd
896 831 995 897 fidem
1016 831 1152 898 Domini
1175 834 1285 920 Regis,
1307 844 1342 899 et
1360 835 1400 899 ed
1421 833 1595 900 utilitatem
1610 835 1712 901 totius

557 932 829 1018 regni‚enpotius
839 933 993 999 adherere
1002 933 1078 1015 illis,
1087 935 1143 1020 qui
1152 934 1626 1021 volueruntillesiniringere.”
1665 937 1712 1002 Et

558 1034 737 1116 sciendum,
753 1037 841 1123 quod
856 1035 930 1100 telis
945 1036 1008 1102 fuit
1022 1037 1139 1121 petitio
1155 1038 1335 1105 Beronum.

338 1143 494 1206 neporus«
601 1135 724 1202 Petunt
735 1135 880 1204 Berones
892 1159 912 1202 e
927 1137 1072 1205 Domino
1084 1141 1173 1225 Rege
1183 1139 1351 1205 humiliter
1364 1149 1399 1208 et
1412 1141 1541 1220 devote,
1555 1140 1643 1227 quod
1658 1163 1711 1206 or-

334 1209 538 1334 mfflm
556 1235 738 1304 dinstiones
752 1247 787 1305 et
801 1247 924 1304 statuto
937 1240 1026 1326 opud
1037 1240 1201 1306 Oxonism
1218 1242 1312 1322 motu,
1326 1250 1361 1306 et
1370 1243 1556 1327 juramento
1572 1240 1710 1321 firmate

335 1337 486 1388 m·
555 1349 623 1404 tam
638 1339 774 1404 Domini
789 1340 887 1426 Regis
898 1362 996 1426 quem
1010 1343 1258 1427 etMsgnetum,
1273 1351 1308 1408 et
1318 1342 1553 1428 subsequenter
1561 1343 1708 1408 omnium

554 1451 590 1507 et
603 1441 805 1528 singulorum
819 1443 922 1508 totius
936 1443 1027 1531 regni
1048 1445 1177 1530 Anglie,
1200 1443 1336 1510 firmiter
1350 1454 1384 1509 et
1402 1444 1630 1510 inviolabiliter
1649 1445 1709 1510 ob·

555 1554 734 1610 serventur.
778 1544 841 1625 Ito,
864 1555 984 1626 temen,
1011 1547 1100 1632 quod
1125 1549 1154 1613 si
1177 1548 1285 1634 ulique
1306 1547 1341 1613 in
1363 1547 1422 1627 eis,
1443 1569 1503 1633 per
1523 1548 1708 1614 oonsiders-

554 1646 678 1712 tionem
718 1646 880 1712 bonorum
920 1647 1064 1714 virorum
1101 1651 1142 1714 ed
1179 1651 1242 1716 hoo
1277 1651 1466 1731 electorum,
1501 1650 1709 1716 inveniantur

556 1749 698 1816 Domino
713 1749 796 1836 Regi
809 1751 862 1816 vel
876 1772 976 1838 regno
990 1753 1211 1838 prejudioielis
1221 1753 1274 1818 rel
1295 1754 1485 1839 dampnose,
1506 1752 1561 1817 ills
1575 1753 1707 1837 penitus

553 1850 805 1931 subtrahentur3
827 1861 862 1918 et
883 1853 912 1918 si
934 1875 997 1938 que
1011 1854 1133 1920 fuerint
1155 1855 1293 1920 obscure
1306 1855 1359 1920 vel
1382 1854 1580 1940 eorrigends,
1603 1855 1707 1921 deols·

551 1964 664 2019 rentur
686 1955 739 2020 vel
760 1955 961 2041 corriguntur
972 1982 982 2037 3
1004 1967 1038 2022 et
1056 1957 1265 2043 providentur
1286 1958 1441 2022 secuntus
1457 1959 1498 2024 de
1513 1957 1594 2038 eliis,
1616 1958 1707 2024 vide·

549 2055 636 2135 lieet,
668 2055 763 2122 bonis
793 2065 827 2123 et
856 2057 1001 2138 utilibus,
1032 2059 1274 2145 imperpetuum
1311 2059 1448 2126 firmiter
1484 2059 1707 2128 observandis.

550 2157 636 2223 Item
659 2167 777 2244 petunt
802 2157 890 2244 quod
913 2180 1050 2245 regnum
1074 2161 1115 2227 de
1139 2169 1247 2227 eetero
1267 2161 1516 2248 perindigemus
1538 2161 1650 2227 fideles
1672 2173 1707 2229 et

547 2258 645 2324 utiles
662 2259 723 2325 sub
739 2261 885 2326 Domino
901 2261 990 2347 Rege
1004 2261 1214 2348 gubernetur,
1236 2271 1270 2329 et
1290 2285 1358 2330 non
1373 2285 1432 2348 per
1451 2263 1542 2343 elios,
1563 2263 1649 2329 siout
1667 2266 1707 2330 fit

547 2363 764 2428 eommuniter
777 2365 812 2429 in
828 2363 981 2430 omnibus
996 2366 1068 2430 eliis
1084 2365 1200 2430 mundi
1213 2368 1332 2451 regnis.

592 2465 691 2531 Quod
706 2487 784 2531 vero
794 2465 983 2530 mandatum
996 2465 1095 2532 Cives
1106 2467 1286 2533 ostendunt
1296 2466 1442 2535 Domino
1458 2467 1539 2553 Regi
1551 2467 1704 2535 existenti

549 2567 633 2651 epud
643 2567 784 2648 Turrim,
794 2569 882 2652 Rege
894 2567 1097 2648 Alemannie,
1110 2569 1243 2654 Regina,
1254 2569 1399 2634 Domino
1411 2571 1582 2650 Eduardo,
1594 2580 1628 2636 et
1637 2573 1705 2637 Ro-

547 2667 640 2734 berto
649 2669 817 2750 Wulrsnd,
826 2679 906 2734 tuno
914 2669 959 2735 ibi
970 2671 1175 2737 solummodo
1185 2671 1401 2757 presentibus,
1410 2684 1444 2740 et
1453 2675 1605 2739 dixerunt
1615 2677 1704 2761 quod

548 2773 655 2838 omnis
672 2773 858 2839 Commune
872 2773 928 2838 ills
938 2781 1071 2854 statute,
1082 2797 1146 2860 que
1158 2783 1236 2840 sunt
1250 2776 1292 2841 ed
1302 2776 1460 2842 honorem
1470 2777 1544 2858 Dei,
1555 2779 1596 2843 ed
1605 2778 1704 2844 fidem

547 2877 657 2961 Regis,
671 2887 705 2943 et
719 2876 759 2940 ed
775 2877 949 2943 utilitatem
963 2877 1065 2964 regni,
1086 2878 1203 2944 volunt
1217 2877 1410 2960 observere;
1432 2902 1495 2966 que
1510 2891 1631 2947 stutute
1645 2904 1704 2969 per

545 2989 735 3064 preceptum
758 2980 858 3066 Regis
883 3002 903 3045 e
926 2980 1013 3045 diets
1039 2980 1225 3046 commum
1248 2992 1343 3048 entes
1362 2983 1548 3068 juramento
1570 2984 1703 3050 fuerunt

545 3080 712 3160 offirmato,
727 3090 761 3145 et
775 3081 864 3167 quod
878 3081 986 3146 nullos
1001 3082 1133 3162 milites,
1156 3083 1347 3162 servientes,
1366 3084 1571 3172 alienigenos,
1591 3087 1703 3152 volue-

544 3194 623 3247 runt
632 3181 820 3268 permittere
834 3183 869 3246 in
886 3182 1028 3248 Ciuitate
1042 3184 1219 3270 hospitari3
1235 3185 1311 3270 quie
1323 3207 1383 3273 per
1396 3187 1470 3254 illos
1485 3197 1555 3254 orte
1569 3199 1622 3254 est
1632 3211 1702 3254 om-

544 3284 596 3349 nis
612 3284 772 3350 discordie
786 3285 872 3350 inter
888 3285 1010 3372 Regem
1025 3296 1059 3352 et
1074 3288 1219 3353 Berones
1243 3309 1331 3354 suos.
1377 3288 1497 3356 Postea
1518 3291 1703 3358 missisunt

543 3408 602 3472 per
616 3397 807 3474 preceptum
823 3387 921 3474 Regis
936 3390 1067 3476 quidam
1082 3391 1123 3456 de
1139 3390 1275 3456 Civibus
1296 3413 1372 3458 oum
1395 3395 1531 3461 oonsilio
1547 3395 1644 3480 Regis
1659 3397 1701 3460 ed

543 3487 779 3574 pacificandum
804 3512 879 3556 oum
905 3491 1101 3573 Beronibus,
1129 3515 1233 3579 usque
1262 3494 1305 3560 sd
1335 3495 1522 3561 Doverism.
1568 3496 1607 3560 ln
1635 3518 1700 3581 quo

543 3590 658 3656 itinere
672 3591 795 3656 isourm
809 3601 861 3656 est
875 3612 1070 3678 responsum
1096 3595 1292 3676 Beronibus,
1315 3597 1404 3682 quod
1425 3607 1495 3662 totu
1516 3596 1700 3664 Commune

542 3691 648 3759 voluit
668 3693 755 3758 diets
780 3702 903 3758 statute
924 3697 1009 3760 seete
1033 3695 1074 3760 sd
1096 3695 1255 3761 honorem
1281 3697 1356 3775 Dei,
1378 3697 1421 3761 sd
1441 3698 1541 3764 fidem
1563 3698 1700 3764 Domini

543 3795 652 3880 Regis,
667 3795 753 3860 etad
767 3794 940 3860 utilitatem
955 3796 1044 3880 regni
1060 3795 1242 3875 observare,
1252 3797 1341 3861 suive
1351 3797 1500 3862 libertate
1512 3799 1699 3865 Londonie-

543 3919 637 3977 rum3
652 3907 686 3963 et
700 3897 745 3962 ite
760 3898 906 3963 Berones
921 3905 955 3963 et
971 3895 1069 3964 Cives
1089 3909 1168 3962 sunt
1182 3899 1390 3980 confederati,
1406 3900 1561 3983 dieentes,
1576 3907 1600 3940 “
1610 3904 1699 3968 salvs

543 4001 607 4066 fide
622 4000 759 4067 Domini
775 4000 905 4086 Regis.”

319 4117 529 4181 Atienpeneliem-
585 4104 680 4170 Tune
694 4102 851 4190 temporis
870 4113 905 4169 et
929 4113 1024 4170 entes
1045 4102 1204 4170 licenciati
1225 4105 1358 4172 suerunt
1372 4127 1487 4174 omnes
1510 4107 1700 4194 alienigene,
