3850 5020
400 549 454 614 xvi
910 562 1087 610 enerues.

399 721 434 779 oi
450 739 504 778 oue
517 719 550 778 of
569 719 614 776 his
627 718 691 777 licis
704 719 733 776 in
747 718 796 778 tha
817 725 834 756 “
846 717 932 778 Testa
956 719 992 776 de
1017 714 1137 775 Nevill.”
1179 715 1368 796 “willelmus
1393 717 1500 794 Agilun
1524 727 1600 776 tenet

399 837 487 875 unum
500 817 614 876 feodum
633 816 728 874 militis
742 816 771 872 in
785 814 969 892 Pcrcinges;”
989 814 1046 875 and
1058 815 1147 873 below
1161 833 1202 873 we
1220 813 1292 872 heve
1313 814 1456 872 “heredes
1479 814 1599 873 Bartho-

400 915 485 972 lomei
498 914 533 972 de
549 913 685 972 Kaisueto
697 921 793 970 teuent
807 913 835 969 in
849 911 917 970 ville
930 910 965 970 de
982 911 1080 970 Lewes
1102 912 1136 968 de
1157 911 1270 969 domino
1296 909 1383 986 Rege,
1408 911 1457 969 sed
1477 913 1600 969 nescitur

401 1029 451 1088 per
465 1009 542 1087 quod
555 1007 730 1068 servicium.'’

337 1121 339 1124 ·
442 1106 478 1164 Iu
493 1106 606 1184 surrey,
620 1107 649 1163 iu
663 1104 712 1163 the
725 1103 894 1162 lastnamed
916 1101 1037 1169 Record,
1058 1102 1108 1160 the
1128 1111 1226 1160 tenure
1247 1101 1281 1160 oi
1301 1103 1467 1180 Addingtou
1487 1105 1512 1162 is
1533 1103 1598 1162 thus

400 1205 505 1262 noted:
527 1211 545 1242 ‘⁴
556 1202 715 1261 willelmus
732 1201 860 1277 Aguiluu
874 1209 951 1259 tenet
963 1200 1104 1276 quandum
1118 1209 1222 1258 terram
1235 1202 1265 1258 in
1281 1201 1347 1260 villa
1360 1201 1395 1259 de
1409 1202 1537 1259 Adiuton
1548 1221 1598 1278 per

399 1299 561 1376 serjantiam
573 1298 692 1357 faciendi
706 1298 811 1356 hostias
825 1298 854 1355 in
874 1296 994 1373 coquim
1016 1295 1122 1354 domini
1144 1297 1232 1374 Regis
1256 1297 1301 1355 die
1326 1298 1517 1356 coronacionis
1541 1317 1598 1367 sue,

399 1395 445 1455 vel
459 1395 559 1473 uliquis
572 1414 625 1472 pro
637 1415 671 1453 eo
684 1393 766 1452 debet
785 1395 877 1452 iacere
897 1392 1035 1451 ferculum
1056 1391 1196 1470 quoddam
1216 1394 1292 1471 quod
1305 1401 1422 1452 vocetur
1435 1395 1550 1464 Girnnt.
1571 1403 1600 1453 et

401 1494 595 1569 siapponstnr
609 1492 707 1569 sagina
719 1499 788 1550 unc
801 1499 917 1550 vocatur
932 1487 1177 1567 Malpigeruoun.”
1219 1491 1324 1567 Aguin,
1345 1491 1374 1548 in
1392 1489 1600 1568 Buckingham·

400 1589 484 1658 chire,
497 1607 539 1647 we
559 1589 627 1646 read
649 1587 778 1656 CroRon,
798 1587 988 1645 “Willelmus
1013 1586 1140 1663 Aguilun
1161 1587 1305 1645 dimidium
1327 1587 1440 1646 feodum
1462 1587 1599 1647 defendo

399 1685 536 1745 Willelmi
549 1685 584 1743 de
600 1681 657 1763 Sey
669 1693 699 1742 et
711 1685 771 1760 ipse
785 1684 820 1741 da
833 1683 913 1760 Rege
924 1683 948 1750 ;”
960 1682 1052 1742 which
1062 1703 1170 1752 monor,
1181 1685 1210 1742 in
1225 1683 1273 1743 the
1283 1685 1410 1744 hundred
1420 1687 1453 1744 of
1465 1685 1597 1756 Cotslow,

267 1845 277 1862 ·
399 1782 456 1841 lmd
468 1781 539 1840 been
553 1781 587 1840 oi
597 1781 645 1840 the
657 1781 724 1838 lund
737 1781 771 1838 oi
781 1779 829 1838 the
844 1779 950 1856 Bishop
964 1781 997 1838 oi
1017 1781 1140 1851 Lisieux,
1162 1783 1307 1842 Gislebert
1330 1784 1480 1854 Mcminot,
1501 1792 1531 1843 ut
1551 1785 1600 1843 the

398 1897 511 1956 smvey,
524 1879 582 1936 and
594 1877 652 1936 hed
664 1878 815 1935 continued
828 1878 856 1934 in
870 1876 918 1935 the
942 1878 998 1937 line
1018 1878 1052 1936 of
1072 1896 1089 1935 a
1102 1879 1199 1957 family
1214 1880 1248 1936 of
1266 1877 1329 1938 that
1349 1899 1433 1938 name
1456 1882 1531 1939 uutil
1551 1881 1599 1940 the

398 1979 477 2054 reign
492 1976 526 2035 oi
546 1973 671 2032 Richerd
691 1974 725 2043 I.,
738 1973 829 2043 when,
841 1974 883 2051 by
895 1975 1042 2051 marriage,
1056 1975 1080 2032 it
1094 1993 1150 2032 was
1164 1975 1337 2034 transferred
1354 1985 1385 2034 to
1399 1977 1460 2034 that
1480 1979 1514 2035 of
1532 1977 1598 2056 Say.

400 2075 435 2133 lu
451 2071 664 2131 Hertiordshirs
677 2091 718 2128 we
731 2071 806 2139 read,
828 2079 846 2108 ‘⁴
858 2069 1017 2130 erlelmus
1033 2069 1149 2146 Agulon
1163 2077 1240 2129 tenet
1258 2074 1289 2128 in
1302 2073 1421 2131 Wettou
1439 2092 1490 2149 per
1513 2076 1599 2131 servi·

400 2171 475 2230 cium
487 2167 645 2227 inveniendi
659 2187 745 2225 unum
758 2168 918 2244 garcionem
931 2185 996 2225 cum
1010 2185 1078 2225 arcu
1092 2176 1122 2225 et
1142 2167 1252 2244 sagittis
1272 2167 1309 2226 ad
1329 2168 1482 2226 exercitum
1495 2168 1600 2228 domini

400 2267 489 2344 Regis
503 2267 532 2322 in
543 2262 670 2323 Wallie.”

441 2362 568 2421 Willium
582 2361 708 2438 Agrion,
722 2360 771 2418 the
789 2360 918 2418 survivor
930 2359 964 2417 of
972 2357 1018 2417 his
1031 2359 1104 2428 wife,
1118 2359 1151 2416 of
1170 2359 1264 2418 whose
1277 2360 1448 2419 inheritance
1461 2381 1533 2420 were
1552 2361 1600 2420 the

400 2477 514 2518 mauors
526 2457 627 2516 named
639 2459 737 2527 above,
750 2477 808 2514 was
822 2455 956 2515 deceased
968 2457 1065 2515 before
1084 2457 1133 2515 the
1155 2457 1210 2515 8rd
1231 2456 1286 2536 day
1300 2457 1334 2515 of
1355 2456 1487 2528 October,
1513 2459 1600 2533 1244,

400 2576 432 2614 as
445 2575 487 2613 we
499 2554 576 2612 learn
589 2553 663 2612 from
682 2554 739 2611 this
753 2561 835 2631 entry
849 2571 885 2609 on
899 2551 948 2611 the
962 2553 1031 2611 Fine
1048 2553 1128 2612 Rolls
1151 2555 1185 2612 oi
1204 2553 1253 2612 the
1275 2553 1349 2612 aeth
1362 2573 1429 2633 year
1443 2555 1477 2612 of
1497 2555 1600 2634 Henry

400 2653 458 2711 111.
469 2673 477 2710 ε
498 2653 584 2711 “Pro
609 2652 737 2711 Roberto
759 2651 888 2726 Agulun.
929 2649 992 2708 Rex
1016 2651 1181 2710 vicecomiti
1207 2652 1319 2711 Surreie
1341 2651 1468 2710 salutem.
1520 2650 1600 2710 Scias

400 2749 476 2825 qnod
486 2751 656 2826 suscepimus
669 2746 832 2824 homagium
847 2745 966 2805 Roberti
980 2746 1116 2825 Agurilnn,
1131 2749 1180 2807 lilii
1194 2758 1223 2808 et
1236 2749 1345 2808 heredis
1358 2748 1493 2807 Willelmi
1509 2747 1600 2823 Agui·

399 2845 457 2915 lun,
472 2846 507 2904 de
520 2845 648 2904 omnibus
662 2844 742 2902 terris
756 2853 785 2901 et
798 2845 963 2902 tenementis
979 2861 1034 2922 que
1056 2844 1196 2921 predictus
1212 2845 1355 2906 Robertus
1369 2847 1459 2902 tenuit
1472 2844 1506 2902 de
1520 2845 1600 2901 nohis

399 2945 429 3001 in
443 2944 541 3020 capite,
555 2949 584 3000 et
598 2942 775 2999 securitatem
787 2943 869 3000 uobis
890 2941 959 2998 iecit
981 2939 1016 2997 de
1036 2959 1054 2996 x
1068 2940 1146 3000 libris
1171 2961 1222 3017 per
1243 2961 1314 3018 quas
1339 2943 1423 2998 finem
1445 2941 1513 2998 fecit
1536 2959 1601 2997 cum

399 3039 481 3098 uobis
500 3057 552 3114 pro
566 3037 671 3094 relevio
684 3054 745 3093 suro.
786 3035 826 3094 Et
838 3037 900 3094 ideo
921 3037 972 3094 tihi
990 3038 1158 3112 precipimus
1179 3037 1255 3112 quod
1268 3037 1303 3094 de
1323 3038 1453 3094 omnibus
1471 3037 1553 3092 terris
1572 3044 1602 3094 et

399 3133 573 3199 tenementis,
588 3151 643 3208 que
655 3132 771 3189 filerunt
784 3132 901 3208 predicti
914 3129 1050 3191 Willelmi
1065 3134 1152 3209 patris
1167 3133 1211 3190 sui
1225 3134 1253 3190 in
1267 3134 1364 3192 baillia
1377 3141 1435 3202 tua,
1450 3133 1484 3191 de
1499 3134 1600 3208 quibus

400 3229 510 3290 seisitus
523 3228 579 3285 fuit
587 3227 617 3284 in
630 3226 770 3286 dominico
785 3245 835 3286 sno
849 3235 881 3285 ut
894 3228 930 3285 de
942 3226 1024 3286 feodo
1038 3229 1082 3288 die
1096 3249 1152 3307 qus
1166 3231 1245 3299 obiit,
1254 3231 1342 3288 cidem
1355 3231 1481 3290 Roberto
1489 3233 1602 3309 plenam

400 3325 530 3384 saisinam
543 3324 645 3382 hebere
666 3323 764 3382 facias.
805 3324 891 3383 Teste
912 3326 1019 3403 meipso
1043 3325 1118 3404 apud
1131 3327 1413 3385 westmonasterium
1427 3328 1470 3386 iii⁰
1483 3328 1528 3386 die
1542 3327 1602 3387 Oc·

398 3421 513 3482 tobris.”

434 3517 573 3578 'Another
585 3527 667 3597 entry
679 3518 800 3595 reluting
812 3526 842 3578 to
855 3517 913 3577 this
926 3527 973 3578 uct
986 3510 1020 3577 oi
1034 3518 1155 3596 homage
1168 3539 1268 3579 occurs
1282 3538 1319 3578 on
1333 3519 1382 3577 the
1396 3519 1519 3578 Rotulus
1535 3518 1603 3578 On'·

400 3614 502 3694 ginulis
515 3616 549 3674 of
566 3615 615 3673 the
629 3635 705 3673 sams
719 3615 817 3692 regnul
829 3635 897 3695 year
910 3615 944 3673 of
962 3616 1065 3694 Henry
1079 3617 1136 3675 111.
1157 3619 1186 3673 iu
1200 3616 1280 3676 these
1293 3615 1402 3675 words:
1423 3622 1441 3651 ‘⁴
1453 3613 1515 3672 Rex
1531 3613 1604 3690 cepit

400 3712 562 3788 homagium
577 3710 696 3770 Roberti
717 3711 837 3788 Agulun
860 3711 910 3769 filii
932 3719 962 3769 et
983 3711 1095 3771 heredis
1112 3711 1246 3770 Willelmi
1272 3709 1390 3787 Agulun
1414 3710 1449 3768 de
1471 3711 1601 3768 omnibus

400 3811 483 3868 terris
496 3819 524 3867 et
536 3809 709 3878 tenementis,
724 3827 779 3885 que
792 3808 866 3866 idem
881 3806 1023 3866 Robertus
1037 3807 1127 3865 tenuit
1147 3808 1181 3866 de
1196 3809 1277 3884 Rege
1289 3810 1319 3866 in
1339 3809 1438 3886 capite,
1451 3817 1480 3866 et
1497 3809 1600 3866 securi·

399 3912 486 3963 tatem
507 3903 580 3982 Regi
592 3906 661 3964 iecit
673 3905 708 3963 de
720 3905 817 3963 decom
830 3905 909 3963 libris
923 3925 974 3982 pro
987 3901 1163 3974 seleuceno,
1177 3913 1206 3962 et
1225 3913 1291 3964 sunt
1310 3914 1384 3965 terre
1398 3925 1447 3964 sue
1465 3908 1494 3964 in
1515 3907 1601 3965 comi·

399 4003 505 4061 tatibus
521 4001 684 4060 Hertiordie
698 4010 728 4060 et
743 4000 975 4060 Suthhuntonie.”
1018 4001 1122 4080 Surrey
1136 4001 1192 4061 and
1210 4000 1258 4060 the
1278 4010 1334 4061 two
1355 4004 1480 4060 couuties
1500 4003 1601 4061 named

400 4117 449 4158 are
461 4098 584 4158 inserted
596 4098 627 4157 in
641 4098 690 4158 the
703 4099 823 4176 margin.
864 4097 1124 4176 Notvtithstaoding
1137 4099 1217 4157 these
1235 4099 1380 4158 evidenoes
1394 4101 1428 4158 oi
1443 4101 1599 4158 suceessicn
