3930 5088
555 567 617 626 153
923 576 1085 621 caosrca
1109 575 1285 620 unroaou
1311 575 1356 619 ar

550 729 656 796 nuntii
673 729 832 793 miserunt
847 727 971 792 litteras
987 727 1133 792 Domino
1148 726 1247 811 Pupe,
1261 725 1390 790 interim
1408 747 1530 790 moram
1545 719 1701 790 iacientes

549 832 637 917 apud
652 832 786 896 Novum
800 830 984 915 Templum.
1029 829 1088 894 Set
1109 839 1218 894 tamen
1236 829 1301 914 ipsi
1315 837 1471 914 ceperunt
1485 829 1527 893 ad
1541 847 1701 914 expensas

551 957 626 1000 suas
641 935 711 1020 xvj·
726 933 767 998 de
782 933 925 1018 qualibet
933 934 1033 997 domo
1047 932 1196 1017 religiosa
1206 932 1241 995 in
1250 931 1400 1016 Angliam
1413 932 1603 1009 constituta,
1612 932 1700 996 nulls

549 1045 711 1121 exempta,
740 1055 846 1118 neque
867 1033 1136 1118 Templariorum,
1161 1053 1267 1117 neque
1298 1031 1571 1118 Hospitaliorum,
1592 1053 1697 1118 neque

549 1137 783 1202 monachorum
798 1135 921 1200 ordinis
937 1133 1175 1201 cisterciensis.

593 1238 745 1303 Secunda
759 1237 901 1302 dicante
918 1235 1213 1301 Annunciationem
1238 1235 1446 1300 Dominicem
1469 1235 1503 1298 in
1523 1233 1700 1298 Gildballia

550 1341 794 1407 Londoniurum
808 1341 891 1406 lecte
905 1342 1038 1405 fuerunt
1051 1339 1157 1404 littere
1172 1339 1308 1403 Domini
1323 1339 1476 1404 Edwardi
1492 1339 1600 1424 Regis,
1609 1340 1702 1423 cujus

549 1455 643 1509 tenor
657 1444 732 1508 talis
747 1452 817 1507 est:

593 1543 975 1629 Eduardus,Deig1-atia
990 1543 1060 1608 Rex
1070 1542 1197 1628 Anglie‚
1213 1541 1377 1608 Dominus
1390 1542 1613 1629 Hybemie,et
1623 1543 1700 1606 Dux

549 1649 776 1734 Aequitannie,
806 1647 926 1712 Maiori
954 1655 989 1712 et
1021 1644 1275 1710 vicecomitibus
1300 1654 1335 1709 et
1362 1645 1587 1710 communitati
1615 1645 1703 1708 Lon·

550 1751 720 1815 dubiarum
732 1751 880 1816 salutem.
924 1747 1054 1813 Scimus
1065 1757 1099 1813 et
1113 1746 1249 1812 firmiter
1263 1766 1431 1831 speramus
1446 1747 1534 1831 quod
1549 1746 1590 1811 dc
1606 1745 1701 1810 nobis

550 1873 648 1937 quam
671 1855 792 1918 totiens
818 1852 977 1918 exauditis
999 1873 1165 1936 prospera,
1179 1849 1281 1915 vestri
1300 1850 1565 1935 congratulantur
1592 1849 1702 1928 animi,

549 1955 787 2019 incrementum
801 1953 1009 2019 exultationis
1023 1953 1217 2038 recipientes
1225 1961 1259 2016 et
1269 1951 1383 2030 letitie,
1393 1975 1489 2036 quam
1500 1953 1542 2016 ad
1557 1974 1702 2037 presens.

552 2056 656 2122 Vobis
671 2066 932 2142 representantes
946 2055 1140 2120 nunciamus
1155 2076 1216 2119 nos
1229 2055 1265 2118 in
1286 2055 1489 2119 coniectione
1504 2055 1704 2140 presentium

555 2159 642 2244 apud
669 2159 789 2244 Caples
813 2159 848 2223 iu
874 2167 960 2224 terra
983 2157 1121 2222 Laboris
1144 2159 1240 2241 juxta
1265 2156 1426 2222 illustrem
1451 2159 1574 2244 Regem
1600 2157 1707 2223 Sicilie

551 2259 827 2343 consanguineum
857 2267 1007 2322 nostrum
1035 2257 1254 2334 karissimum,
1283 2257 1430 2322 extitisse
1459 2279 1556 2324 sanos
1594 2259 1702 2323 etin

551 2361 708 2440 columes,
724 2360 820 2425 sicuti
835 2360 904 2423 fore
917 2359 1087 2444 potuimus
1103 2369 1180 2443 post
1193 2359 1315 2423 doloris
1331 2360 1590 2441 amaritudinem,
1606 2385 1703 2445 quam

551 2461 734 2547 accepimus
749 2460 890 2526 dabone
906 2460 1060 2525 memorie
1083 2459 1220 2523 Domini
1235 2459 1345 2544 Regis,
1369 2460 1533 2544 quondam
1547 2463 1703 2546 genitoris

551 2563 657 2629 nostri
693 2561 990 2646 transmigratione3
1024 2561 1113 2646 quod
1152 2561 1313 2645 patienter
1350 2561 1559 2642 sustinemus,
1595 2563 1704 2630 divine

551 2665 712 2732 voluntati
744 2662 912 2751 placaturi.
966 2663 1120 2728 Ceterum
1146 2663 1222 2749 quia
1242 2663 1399 2727 vellemus
1422 2673 1457 2728 et
1484 2662 1704 2729 desideramus

554 2769 642 2856 quod
663 2767 773 2833 omnia
794 2768 829 2831 in
852 2787 953 2852 regno
977 2778 1090 2832 nostro
1105 2788 1184 2852 pace
1207 2767 1384 2852 gauderent
1406 2775 1440 2831 et
1464 2768 1706 2852 tranquillitate,

553 2871 648 2937 vobis
668 2872 857 2937 mandamus
873 2871 907 2934 in
921 2869 986 2935 fide
1001 2881 1035 2935 et
1049 2869 1232 2949 dilectione,
1246 2868 1280 2932 in
1296 2869 1413 2955 quibus
1428 2868 1523 2934 nobis
1538 2870 1704 2949 tenemini,

554 2974 707 3059 quatinus
722 2975 763 3038 ad
777 2976 841 3039 hoc
855 2972 1026 3058 diligenter
1039 2972 1239 3050 insistentes,
1262 2971 1378 3050 taliter,
1394 2971 1489 3036 nobis
1504 2972 1705 3052 absentibus,

553 3098 614 3141 vos
628 3075 747 3140 babere
762 3074 892 3152 curctis,
907 3074 995 3158 quod
1009 3073 1043 3136 iu
1058 3074 1201 3137 adventu
1216 3083 1329 3138 nostro
1343 3073 1378 3137 in
1392 3074 1553 3160 Angliam,
1568 3076 1654 3160 quod
1663 3075 1706 3139 ad

554 3195 688 3260 presens
711 3174 914 3250 festinamus,
930 3194 1058 3236 summo
1087 3173 1285 3257 precedente
1311 3174 1485 3257 adjutorio,
1509 3176 1605 3241 vobis
1630 3199 1705 3262 pro·

554 3274 670 3340 mereri
679 3272 854 3336 sulcamus.
899 3271 986 3338 Quia
999 3293 1076 3337 vero
1088 3273 1227 3357 sigillum
1242 3283 1392 3338 nostrum
1414 3275 1538 3360 regium
1558 3278 1703 3342 nondum

555 3375 676 3438 iactum
700 3373 873 3438 habuimus
898 3373 1002 3458 sigillo
1026 3374 1161 3438 Domini
1186 3375 1285 3459 Regis
1309 3374 1421 3441 Cicilia
1437 3379 1613 3462 supradicti
1632 3400 1705 3462 pre-

556 3483 666 3538 sentes
680 3473 721 3536 ad
740 3484 883 3539 nostram
907 3474 1028 3539 includi
1042 3475 1178 3540 fecimus
1200 3475 1401 3542 instantiam.
1452 3478 1549 3541 Teste
1565 3481 1704 3562 meipso

556 3576 643 3659 apud
660 3574 778 3658 Caples
792 3577 862 3639 ιιὶιο
876 3575 928 3639 die
942 3577 965 3640 J
967 3577 1100 3656 unuani,
1115 3599 1201 3641 anno
1216 3578 1305 3660 regni
1319 3579 1424 3642 nostri
1437 3579 1553 3661 primo.

601 3676 867 3756 [Memorandum
889 3698 964 3740 cum
979 3678 1177 3763 Stephanus,
1199 3677 1382 3762 Episcopus
1399 3679 1634 3763 Cycestrensis,
1648 3682 1704 3765 qui

560 3779 680 3843 missus
695 3778 758 3842 fuit
772 3778 814 3841 ad
840 3779 980 3842 Romam
991 3800 1049 3862 per
1064 3779 1275 3843 Octobonum
1289 3779 1431 3864 legatum
1458 3779 1594 3844 Domini
1611 3783 1707 3868 pape,

557 3881 643 3945 sicut
657 3888 862 3964 prenotatum
873 3887 924 3944 est
936 3879 971 3942 in
986 3878 1049 3944 hoc
1063 3879 1158 3959 libro,
1167 3880 1374 3964 impetrasset
1386 3882 1520 3967 gratiam
1537 3907 1556 3948 a
1570 3882 1706 3951 Summo

559 3982 717 4047 Pontifice
731 3982 876 4047 Domino
902 3981 1059 4066 Gregorio
1086 3981 1156 4061 X⁰.‚
1175 3982 1332 4047 redeundi
1356 3984 1391 4049 in
1415 3985 1551 4070 patriam
1567 3997 1707 4051 suamet

558 4086 733 4153 rehabendi
756 4086 947 4172 dignitatem
974 4107 1088 4166 suam3
1111 4087 1209 4171 quod,
1232 4095 1312 4154 tunc
1333 4087 1570 4175 proficiscendo
1593 4111 1706 4155 versus
