3920 5022
556 604 813 653 vrcreourrurs
839 603 1124 651 nounoursaurr.
1351 590 1390 648 tl

243 754 371 841 tempti,
398 765 514 842 postes
544 764 641 822 nocte
677 777 776 841 super
810 756 961 822 veniente
1001 763 1251 840 asportaverunt
1284 755 1395 820 omnia

242 855 330 922 bona
352 856 514 922 dictorum
538 857 730 937 Judeorum,
752 867 787 924 st
810 857 914 922 multi)
940 856 1049 942 plures
1072 856 1189 921 domos
1212 853 1396 941 fregissent,

245 968 279 1022 et
292 957 380 1023 bona
392 958 658 1044 asportavissent,
672 959 737 1025 nisi
750 959 859 1024 Maior
872 969 906 1024 et
920 957 1135 1024 vicecomites
1149 959 1339 1046 accedentes
1349 956 1396 1022 ibi

244 1081 319 1125 cum
339 1061 436 1126 armis
453 1062 528 1128 illos
542 1063 765 1128 malefactores
788 1063 998 1128 amavissent.
1044 1062 1118 1128 Qua
1138 1059 1179 1127 de
1201 1055 1299 1126 causa
1312 1061 1397 1125 facta

244 1171 296 1228 est
309 1162 476 1248 inquisitio
491 1163 526 1230 in
538 1165 727 1244 mutinum,
741 1174 776 1231 et
793 1165 839 1230 sic
851 1165 892 1230 de
907 1164 959 1231 die
977 1163 1012 1228 in
1023 1163 1109 1230 diem
1125 1183 1184 1248 per
1195 1163 1354 1229 Miiorem
1364 1173 1398 1228 et

244 1265 460 1334 vicecomites
477 1267 513 1332 in
529 1267 705 1348 Gildballe,
719 1289 778 1354 per
792 1267 967 1333 duodecim
982 1266 1069 1331 viros
1080 1267 1216 1352 juratos,
1228 1265 1397 1350 dequibus

243 1369 334 1434 nulla
343 1370 407 1435 fuit
418 1370 561 1456 suspicio
570 1371 889 1457 quantumadistam
899 1369 1062 1450 feloniam,
1072 1369 1113 1434 de
1121 1368 1256 1455 singolis
1265 1369 1397 1433 Wardis

245 1471 500 1538 londoniarum.
544 1473 591 1538 Et
611 1483 727 1559 postea
747 1472 892 1539 universi
905 1472 1117 1539 Aldermanni
1131 1473 1278 1538 fecerunt
1291 1471 1399 1556 inqui-

247 1575 400 1642 sitionem
425 1597 524 1662 super
549 1577 623 1656 hoc,
652 1575 789 1662 quilibet
816 1577 853 1642 in
880 1577 1095 1642 Wardemoto
1124 1596 1203 1655 suo,
1226 1575 1314 1642 unde
1343 1575 1398 1660 qui

246 1675 394 1740 indictati
408 1678 541 1743 filerunt
554 1677 606 1743 rel
628 1677 780 1757 accusati,
801 1678 889 1765 capti
907 1678 1041 1742 fuerunt
1062 1698 1120 1763 per
1134 1676 1350 1744 vicecomites
1364 1687 1399 1743 et

247 1777 462 1860 imprisonati,
477 1779 652 1863 partemin
668 1779 817 1864 Neugate
842 1789 877 1844 et
901 1789 1026 1864 partem
1048 1778 1084 1842 in
1107 1777 1308 1863 Crepelguta.
1352 1778 1399 1843 Et

247 1889 362 1964 postea
376 1878 432 1964 qui
445 1880 580 1945 fuerunt
600 1881 642 1946 de
663 1880 813 1946 libertate
830 1881 982 1946 Civitatis
997 1890 1032 1945 et
1046 1881 1102 1966 qui
1117 1889 1295 1967 potuerunt
1308 1881 1398 1946 inse·

248 1980 318 2046 nire
332 1979 469 2065 plegios,
482 1981 616 2048 fuerunt
630 1980 798 2047 deliberati
811 2003 871 2068 per
884 1981 1021 2067 plegios.

289 2083 365 2148 Hoc
375 2105 462 2150 anno
471 2083 569 2150 rediit
579 2085 743 2150 Dominus
755 2087 827 2151 Rex
837 2087 879 2152 de
888 2085 1034 2166 Francia,
1045 2093 1079 2150 et
1087 2105 1215 2170 ponens
1228 2107 1263 2151 se
1273 2085 1308 2151 in
1318 2086 1399 2152 mari

248 2188 335 2273 apud
350 2186 504 2253 Witsand
517 2209 592 2254 cum
607 2189 742 2274 Regina,
756 2189 914 2276 applicuit
935 2188 1023 2274 apud
1045 2188 1219 2254 Doveriam
1233 2189 1268 2253 in
1283 2190 1401 2276 vigilia

247 2288 357 2354 Sancti
381 2289 508 2356 'l'bome
521 2289 684 2375 Apostoli,
705 2299 740 2357 et
760 2290 852 2358 venit
872 2287 1067 2370 Londoniis,
1083 2289 1135 2355 die
1151 2290 1306 2356 Mercurii
1323 2301 1400 2356 ante

248 2391 479 2478 Epiphaniam.

291 2493 368 2560 Hoc
392 2516 479 2561 anno
502 2495 566 2560 ruit
588 2517 743 2582 magnum
768 2495 877 2582 gelum
900 2503 934 2562 et
956 2494 1075 2581 glacies
1104 2495 1223 2577 valida,
1237 2496 1398 2582 incipiens
1413 2520 1611 2583 resumpta.

245 2596 361 2684 quinta
369 2596 421 2662 die
430 2606 506 2663 ante
520 2597 649 2679 Natale,
664 2609 698 2666 et
713 2599 841 2665 duravit
855 2608 988 2685 pertres
1004 2599 1202 2684 septimanas
1217 2600 1399 2680 mutinuas,

245 2708 281 2765 et
293 2698 435 2764 'lamisio
448 2699 495 2764 ita
509 2699 572 2764 fuit
583 2701 761 2785 congelata,
784 2700 874 2787 quod
895 2700 1091 2784 quandoque
1105 2701 1169 2764 luit
1182 2712 1336 2788 cooperte
1358 2704 1400 2769 de

247 2799 318 2864 rivo
354 2799 390 2864 in
413 2799 531 2878 rivum,
556 2799 603 2865 ita
629 2799 718 2884 quod
742 2799 914 2865 videbatur
936 2800 1025 2885 quod
1047 2799 1121 2886 ipsa
1140 2801 1247 2886 possit
1271 2804 1401 2868 uansiri

246 2901 330 2986 pede
345 2909 379 2965 et
393 2921 489 2985 equo.

290 3003 387 3065 Anno
399 3001 515 3066 eodem
530 2998 669 3085 septimo
684 2999 737 3064 die
763 2999 941 3078 Februarii,
966 2999 1138 3067 combusta
1164 3011 1244 3068 sunt
1266 3004 1399 3092 proprio

249 3101 324 3188 igne
353 3123 414 3167 auo
444 3122 544 3188 parva
568 3101 641 3166 aula
662 3100 799 3166 Domini
825 3100 924 3188 Regis
946 3101 1034 3188 apud
1058 3102 1400 3186 westmonasterium,

248 3204 396 3282 Camers,
425 3213 459 3268 et
483 3203 626 3290 Capella,
649 3212 684 3270 st
707 3203 971 3290 Receptaculum‚
996 3213 1031 3272 et
1054 3205 1117 3272 alis
1140 3204 1251 3293 plures
1281 3207 1399 3276 domus

248 3305 411 3373 officiales.

291 3409 367 3473 Hoc
388 3429 486 3488 anno,
500 3415 576 3473 ante
592 3407 788 3474 cathedram
804 3407 915 3474 Sancti
938 3408 1038 3489 Petri,
1054 3411 1268 3478 ostenderunt
1290 3411 1400 3479 Maior

244 3521 280 3579 et
302 3512 400 3579 Cives
426 3510 671 3576 Londoniarum
699 3511 844 3576 Domino
872 3511 1023 3598 Philippo
1057 3513 1185 3596 Basset‚
1214 3515 1398 3584 Justitiario

246 3615 383 3700 Anglioe,
420 3622 455 3679 et
490 3613 560 3678 aliis
598 3611 639 3678 de
679 3613 816 3680 consilio
852 3613 989 3678 Domini
1026 3615 1124 3701 Regis
1162 3618 1249 3703 apud
1287 3617 1399 3685 Weat-

245 3717 489 3797 monasterium,
505 3716 593 3802 quod
612 3716 880 3782 Constabularius
895 3717 1008 3782 'lbrris
1019 3718 1124 3784 voluit
1149 3741 1306 3806 occupare
1321 3743 1399 3788 con·

245 3828 296 3884 tra
324 3819 398 3885 illos
419 3819 585 3885 libertates
619 3841 706 3899 suaa,
735 3819 907 3884 arestando
936 3818 972 3884 in
1000 3821 1166 3887 Thamisia
1194 3845 1293 3889 nares
1322 3833 1399 3891 aute

246 3921 386 4000 turrim,
401 3931 435 3986 et
449 3922 606 4008 capiendo
621 3923 726 4008 prisas
751 3923 791 3988 de
813 3922 911 3988 blado
937 3931 972 3988 et
994 3923 1064 3988 aliis
1088 3923 1196 4005 rebus,
1225 3935 1400 4013 antequam

245 4020 395 4085 venirent
408 4021 450 4084 ad
472 4031 624 4107 portum3
647 4023 803 4102 dicentes,
830 4024 918 4108 quod
948 4023 1019 4109 ipae
1041 4034 1120 4089 tunc
1145 4026 1302 4112 temporis
1323 4028 1401 4092 fecit

245 4132 385 4188 mertare
395 4145 511 4188 navem
525 4125 653 4191 Thome
675 4127 716 4192 de
735 4127 893 4213 Basinges
904 4148 981 4193 cum
993 4127 1155 4192 numento
1167 4138 1242 4194 ante
1260 4130 1400 4210 lurum,
