<?xml version="1.0" encoding="UTF-8"?>
<!DOCTYPE html PUBLIC "-//W3C//DTD XHTML 1.0 Transitional//EN"
    "http://www.w3.org/TR/xhtml1/DTD/xhtml1-transitional.dtd">
<html xmlns="http://www.w3.org/1999/xhtml" xml:lang="en" lang="en">
 <head>
  <title>
</title>
<meta http-equiv="Content-Type" content="text/html;charset=utf-8" />
  <meta name='ocr-system' content='tesseract 3.04.00' />
  <meta name='ocr-capabilities' content='ocr_page ocr_carea ocr_par ocr_line ocrx_word'/>
</head>
<body>
  <div class='ocr_page' id='page_1' title='image "./deantiquislegib02fitzgoog_0331.png"; bbox 0 0 3920 5022; ppageno 0'>
   <div class='ocr_carea' id='block_1_1' title="bbox 554 597 1396 664">
    <p class='ocr_par' dir='ltr' id='par_1_1' title="bbox 554 597 1396 664">
     <span class='ocr_line' id='line_1_1' title="bbox 554 597 1396 664; baseline -0.008 -2"><span class='ocrx_word' id='word_1_1' title='bbox 554 617 812 664; x_wconf 77' lang='lat' dir='ltr'><strong>vrcacourruar</strong></span> <span class='ocrx_word' id='word_1_2' title='bbox 838 615 1127 660; x_wconf 76' lang='lat' dir='ltr'><strong>nosnonrannn.</strong></span> <span class='ocrx_word' id='word_1_3' title='bbox 1355 597 1396 656; x_wconf 85' lang='lat'><strong>⁵5</strong></span> 
     </span>
    </p>
   </div>
   <div class='ocr_carea' id='block_1_2' title="bbox 246 763 1622 3925">
    <p class='ocr_par' dir='ltr' id='par_1_2' title="bbox 246 763 1612 1470">
     <span class='ocr_line' id='line_1_2' title="bbox 246 763 1612 854; baseline -0.013 -18"><span class='ocrx_word' id='word_1_4' title='bbox 246 769 365 836; x_wconf 81' lang='lat' dir='ltr'><strong>milites</strong></span> <span class='ocrx_word' id='word_1_5' title='bbox 380 777 415 836; x_wconf 91' lang='lat' dir='ltr'><strong>et</strong></span> <span class='ocrx_word' id='word_1_6' title='bbox 429 768 616 850; x_wconf 85' lang='lat' dir='ltr'><strong>servientes,</strong></span> <span class='ocrx_word' id='word_1_7' title='bbox 630 793 649 834; x_wconf 89' lang='lat' dir='ltr'><strong>a</strong></span> <span class='ocrx_word' id='word_1_8' title='bbox 665 768 816 848; x_wconf 73' lang='lat' dir='ltr'><strong>Ciuitate,</strong></span> <span class='ocrx_word' id='word_1_9' title='bbox 831 766 887 854; x_wconf 92' lang='lat' dir='ltr'><strong>qui</strong></span> <span class='ocrx_word' id='word_1_10' title='bbox 911 776 1027 854; x_wconf 89' lang='lat' dir='ltr'><strong>postea</strong></span> <span class='ocrx_word' id='word_1_11' title='bbox 1041 788 1099 853; x_wconf 95' lang='lat' dir='ltr'><strong>per</strong></span> <span class='ocrx_word' id='word_1_12' title='bbox 1124 763 1307 831; x_wconf 90' lang='lat' dir='ltr'><strong>Dominum</strong></span> <span class='ocrx_word' id='word_1_13' title='bbox 1332 763 1400 828; x_wconf 80' lang='lat' dir='ltr'><strong>Ed·</strong></span> <span class='ocrx_word' id='word_1_14' title='bbox 1413 775 1560 822; x_wconf 67' lang='grc' dir='ltr'><strong>οίαιεηιιι</strong></span> <span class='ocrx_word' id='word_1_15' title='bbox 1573 771 1612 820; x_wconf 71' lang='lat' dir='ltr'><strong>ct-</strong></span> 
     </span>
     <span class='ocr_line' id='line_1_3' title="bbox 247 840 1607 964; baseline -0.008 -24"><span class='ocrx_word' id='word_1_16' title='bbox 247 876 391 939; x_wconf 83' lang='lat' dir='ltr'><strong>wardum</strong></span> <span class='ocrx_word' id='word_1_17' title='bbox 408 872 509 961; x_wconf 90' lang='lat' dir='ltr'><strong>positi</strong></span> <span class='ocrx_word' id='word_1_18' title='bbox 523 883 602 938; x_wconf 89' lang='lat' dir='ltr'><strong>sunt</strong></span> <span class='ocrx_word' id='word_1_19' title='bbox 624 872 660 937; x_wconf 93' lang='lat' dir='ltr'><strong>in</strong></span> <span class='ocrx_word' id='word_1_20' title='bbox 682 880 892 958; x_wconf 82' lang='lat' dir='ltr'><strong>garenestura</strong></span> <span class='ocrx_word' id='word_1_21' title='bbox 915 870 1003 956; x_wconf 88' lang='lat' dir='ltr'><strong>apud</strong></span> <span class='ocrx_word' id='word_1_22' title='bbox 1028 869 1313 956; x_wconf 86' lang='lat' dir='ltr'><strong>Wyndleshoram.</strong></span> <span class='ocrx_word' id='word_1_23' title='bbox 1357 847 1482 931; x_wconf 82' lang='lat' dir='ltr'><strong>Et</strong></span> <span class='ocrx_word' id='word_1_24' title='bbox 1407 905 1512 964; x_wconf 58' lang='lat' dir='ltr'><strong>sm,</strong></span> <span class='ocrx_word' id='word_1_25' title='bbox 1500 840 1607 962; x_wconf 49' lang='lat' dir='ltr'><strong>effi*</strong></span> 
     </span>
     <span class='ocr_line' id='line_1_4' title="bbox 248 965 1608 1092; baseline -0.005 -52"><span class='ocrx_word' id='word_1_26' title='bbox 248 985 328 1041; x_wconf 89' lang='lat' dir='ltr'><strong>tuno</strong></span> <span class='ocrx_word' id='word_1_27' title='bbox 344 975 441 1041; x_wconf 86' lang='lat' dir='ltr'><strong>Cives</strong></span> <span class='ocrx_word' id='word_1_28' title='bbox 453 976 600 1040; x_wconf 83' lang='lat' dir='ltr'><strong>fecerunt</strong></span> <span class='ocrx_word' id='word_1_29' title='bbox 614 974 778 1054; x_wconf 78' lang='lat' dir='ltr'><strong>excubias,</strong></span> <span class='ocrx_word' id='word_1_30' title='bbox 793 972 976 1059; x_wconf 86' lang='lat' dir='ltr'><strong>equitantes</strong></span> <span class='ocrx_word' id='word_1_31' title='bbox 991 973 1032 1036; x_wconf 92' lang='lat' dir='ltr'><strong>de</strong></span> <span class='ocrx_word' id='word_1_32' title='bbox 1043 981 1139 1037; x_wconf 85' lang='lat' dir='ltr'><strong>nocte</strong></span> <span class='ocrx_word' id='word_1_33' title='bbox 1154 993 1212 1056; x_wconf 91' lang='lat' dir='ltr'><strong>per</strong></span> <span class='ocrx_word' id='word_1_34' title='bbox 1228 970 1471 1035; x_wconf 68' lang='lat' dir='ltr'><strong>Civitatemruu</strong></span> <span class='ocrx_word' id='word_1_35' title='bbox 1416 1035 1463 1090; x_wconf 52' lang='lat' dir='ltr'><strong><em>m</em></strong></span> <span class='ocrx_word' id='word_1_36' title='bbox 1471 1033 1530 1080; x_wconf 55' lang='lat' dir='ltr'><em>W</em></span> <span class='ocrx_word' id='word_1_37' title='bbox 1481 965 1608 1092; x_wconf 43' lang='lat' dir='ltr'><strong>maci?</strong></span> 
     </span>
     <span class='ocr_line' id='line_1_5' title="bbox 248 1068 1568 1163; baseline -0.005 -22"><span class='ocrx_word' id='word_1_38' title='bbox 248 1097 322 1142; x_wconf 89' lang='lat' dir='ltr'><strong>cum</strong></span> <span class='ocrx_word' id='word_1_39' title='bbox 338 1077 429 1163; x_wconf 89' lang='lat' dir='ltr'><strong>equis</strong></span> <span class='ocrx_word' id='word_1_40' title='bbox 445 1085 480 1142; x_wconf 90' lang='lat' dir='ltr'><strong>et</strong></span> <span class='ocrx_word' id='word_1_41' title='bbox 493 1076 602 1156; x_wconf 88' lang='lat' dir='ltr'><strong>armis,</strong></span> <span class='ocrx_word' id='word_1_42' title='bbox 627 1076 712 1140; x_wconf 87' lang='lat' dir='ltr'><strong>inter</strong></span> <span class='ocrx_word' id='word_1_43' title='bbox 726 1096 809 1160; x_wconf 90' lang='lat' dir='ltr'><strong>quos</strong></span> <span class='ocrx_word' id='word_1_44' title='bbox 823 1072 1069 1138; x_wconf 86' lang='lat' dir='ltr'><strong>innumerabilis</strong></span> <span class='ocrx_word' id='word_1_45' title='bbox 1088 1073 1230 1160; x_wconf 88' lang='lat' dir='ltr'><strong>populns</strong></span> <span class='ocrx_word' id='word_1_46' title='bbox 1256 1068 1520 1158; x_wconf 60' lang='lat' dir='ltr'><strong>peditumm&#39;m</strong></span> <span class='ocrx_word' id='word_1_47' title='bbox 1531 1102 1568 1144; x_wconf 51' lang='lat' dir='ltr'><strong>,a</strong></span> 
     </span>
     <span class='ocr_line' id='line_1_6' title="bbox 250 1172 1406 1264; baseline -0.005 -21"><span class='ocrx_word' id='word_1_48' title='bbox 250 1200 285 1244; x_wconf 90' lang='lat' dir='ltr'><strong>se</strong></span> <span class='ocrx_word' id='word_1_49' title='bbox 310 1178 462 1258; x_wconf 82' lang='lat' dir='ltr'><strong>intrusit3</strong></span> <span class='ocrx_word' id='word_1_50' title='bbox 493 1199 632 1263; x_wconf 92' lang='lat' dir='ltr'><strong>quorum</strong></span> <span class='ocrx_word' id='word_1_51' title='bbox 656 1177 788 1264; x_wconf 87' lang='lat' dir='ltr'><strong>quidam</strong></span> <span class='ocrx_word' id='word_1_52' title='bbox 823 1176 993 1256; x_wconf 87' lang='lat' dir='ltr'><strong>maliciosi,</strong></span> <span class='ocrx_word' id='word_1_53' title='bbox 1028 1176 1089 1240; x_wconf 91' lang='lat' dir='ltr'><strong>sub</strong></span> <span class='ocrx_word' id='word_1_54' title='bbox 1119 1176 1226 1241; x_wconf 88' lang='lat' dir='ltr'><strong>colore</strong></span> <span class='ocrx_word' id='word_1_55' title='bbox 1250 1172 1406 1260; x_wconf 90' lang='lat' dir='ltr'><strong>querendi</strong></span> 
     </span>
     <span class='ocr_line' id='line_1_7' title="bbox 248 1278 1406 1368; baseline -0.003 -22"><span class='ocrx_word' id='word_1_56' title='bbox 248 1282 455 1367; x_wconf 85' lang='lat' dir='ltr'><strong>alienigenas,</strong></span> <span class='ocrx_word' id='word_1_57' title='bbox 469 1283 635 1368; x_wconf 84' lang='lat' dir='ltr'><strong>fregerunt</strong></span> <span class='ocrx_word' id='word_1_58' title='bbox 649 1280 758 1366; x_wconf 90' lang='lat' dir='ltr'><strong>plures</strong></span> <span class='ocrx_word' id='word_1_59' title='bbox 774 1279 889 1345; x_wconf 89' lang='lat' dir='ltr'><strong>domos</strong></span> <span class='ocrx_word' id='word_1_60' title='bbox 904 1279 1041 1345; x_wconf 84' lang='lat' dir='ltr'><strong>aliorum</strong></span> <span class='ocrx_word' id='word_1_61' title='bbox 1056 1288 1090 1344; x_wconf 89' lang='lat' dir='ltr'><strong>et</strong></span> <span class='ocrx_word' id='word_1_62' title='bbox 1103 1279 1191 1344; x_wconf 89' lang='lat' dir='ltr'><strong>bona</strong></span> <span class='ocrx_word' id='word_1_63' title='bbox 1211 1278 1281 1343; x_wconf 95' lang='lat' dir='ltr'><strong>ibi</strong></span> <span class='ocrx_word' id='word_1_64' title='bbox 1272 1287 1406 1343; x_wconf 75' lang='lat' dir='ltr'><strong>inventa</strong></span> 
     </span>
     <span class='ocr_line' id='line_1_8' title="bbox 250 1381 1406 1470; baseline -0.004 -21"><span class='ocrx_word' id='word_1_65' title='bbox 250 1391 508 1470; x_wconf 84' lang='lat' dir='ltr'><strong>asportaverunt.</strong></span> <span class='ocrx_word' id='word_1_66' title='bbox 560 1382 615 1446; x_wconf 87' lang='lat' dir='ltr'><strong>Ad</strong></span> <span class='ocrx_word' id='word_1_67' title='bbox 652 1403 790 1468; x_wconf 91' lang='lat' dir='ltr'><strong>quorum</strong></span> <span class='ocrx_word' id='word_1_68' title='bbox 823 1381 983 1446; x_wconf 82' lang='lat' dir='ltr'><strong>maliciam</strong></span> <span class='ocrx_word' id='word_1_69' title='bbox 1013 1381 1248 1461; x_wconf 83' lang='lat' dir='ltr'><strong>refrenandam,</strong></span> <span class='ocrx_word' id='word_1_70' title='bbox 1274 1381 1406 1444; x_wconf 91' lang='lat' dir='ltr'><strong>dimisse</strong></span> 
     </span>
    </p>

    <p class='ocr_par' dir='ltr' id='par_1_3' title="bbox 252 1483 1407 1571">
     <span class='ocr_line' id='line_1_9' title="bbox 252 1483 1407 1571; baseline -0.003 -21"><span class='ocrx_word' id='word_1_71' title='bbox 252 1495 331 1550; x_wconf 90' lang='lat' dir='ltr'><strong>sunt</strong></span> <span class='ocrx_word' id='word_1_72' title='bbox 344 1484 479 1552; x_wconf 89' lang='lat' dir='ltr'><strong>excubie</strong></span> <span class='ocrx_word' id='word_1_73' title='bbox 494 1484 722 1571; x_wconf 80' lang='lat' dir='ltr'><strong>equitantium,</strong></span> <span class='ocrx_word' id='word_1_74' title='bbox 736 1495 771 1550; x_wconf 94' lang='lat' dir='ltr'><strong>et</strong></span> <span class='ocrx_word' id='word_1_75' title='bbox 795 1485 879 1550; x_wconf 83' lang='lat' dir='ltr'><strong>facte</strong></span> <span class='ocrx_word' id='word_1_76' title='bbox 903 1494 982 1549; x_wconf 92' lang='lat' dir='ltr'><strong>sunt</strong></span> <span class='ocrx_word' id='word_1_77' title='bbox 1006 1485 1042 1548; x_wconf 92' lang='lat' dir='ltr'><strong>in</strong></span> <span class='ocrx_word' id='word_1_78' title='bbox 1055 1484 1199 1564; x_wconf 78' lang='lat' dir='ltr'><strong>wardia,</strong></span> <span class='ocrx_word' id='word_1_79' title='bbox 1214 1483 1350 1570; x_wconf 85' lang='lat' dir='ltr'><strong>quilibet</strong></span> <span class='ocrx_word' id='word_1_80' title='bbox 1371 1483 1407 1546; x_wconf 89' lang='lat' dir='ltr'><strong>in</strong></span> 
     </span>
    </p>

    <p class='ocr_par' dir='ltr' id='par_1_4' title="bbox 252 1587 1408 1667">
     <span class='ocr_line' id='line_1_10' title="bbox 252 1587 1408 1667; baseline -0.003 -13"><span class='ocrx_word' id='word_1_81' title='bbox 252 1588 375 1654; x_wconf 85' lang='lat' dir='ltr'><strong>Warda</strong></span> <span class='ocrx_word' id='word_1_82' title='bbox 389 1610 448 1652; x_wconf 87' lang='lat' dir='ltr'><strong>sua</strong></span> <span class='ocrx_word' id='word_1_83' title='bbox 472 1587 556 1652; x_wconf 88' lang='lat' dir='ltr'><strong>bene</strong></span> <span class='ocrx_word' id='word_1_84' title='bbox 579 1597 733 1652; x_wconf 87' lang='lat' dir='ltr'><strong>armatus.</strong></span> <span class='ocrx_word' id='word_1_85' title='bbox 779 1588 907 1667; x_wconf 80' lang='lat' dir='ltr'><strong>Postea,</strong></span> <span class='ocrx_word' id='word_1_86' title='bbox 933 1587 985 1652; x_wconf 92' lang='lat' dir='ltr'><strong>die</strong></span> <span class='ocrx_word' id='word_1_87' title='bbox 1002 1588 1175 1653; x_wconf 88' lang='lat' dir='ltr'><strong>Dominica</strong></span> <span class='ocrx_word' id='word_1_88' title='bbox 1189 1597 1264 1652; x_wconf 84' lang='lat' dir='ltr'><strong>ante</strong></span> <span class='ocrx_word' id='word_1_89' title='bbox 1286 1587 1408 1652; x_wconf 84' lang='lat' dir='ltr'><strong>festum</strong></span> 
     </span>
    </p>

    <p class='ocr_par' dir='ltr' id='par_1_5' title="bbox 252 1688 1407 1774">
     <span class='ocr_line' id='line_1_11' title="bbox 252 1688 1407 1774; baseline -0.002 -19"><span class='ocrx_word' id='word_1_90' title='bbox 252 1690 371 1756; x_wconf 82' lang='lat' dir='ltr'><strong>Sancte</strong></span> <span class='ocrx_word' id='word_1_91' title='bbox 386 1691 580 1774; x_wconf 82' lang='lat' dir='ltr'><strong>Margarete,</strong></span> <span class='ocrx_word' id='word_1_92' title='bbox 594 1699 754 1755; x_wconf 83' lang='lat' dir='ltr'><strong>venerunt</strong></span> <span class='ocrx_word' id='word_1_93' title='bbox 780 1691 925 1756; x_wconf 90' lang='lat' dir='ltr'><strong>Barones</strong></span> <span class='ocrx_word' id='word_1_94' title='bbox 940 1690 1133 1767; x_wconf 75' lang='lat' dir='ltr'><strong>Laudamia,</strong></span> <span class='ocrx_word' id='word_1_95' title='bbox 1149 1700 1183 1755; x_wconf 92' lang='lat' dir='ltr'><strong>et</strong></span> <span class='ocrx_word' id='word_1_96' title='bbox 1205 1691 1240 1754; x_wconf 91' lang='lat' dir='ltr'><strong>in</strong></span> <span class='ocrx_word' id='word_1_97' title='bbox 1266 1688 1407 1754; x_wconf 87' lang='lat' dir='ltr'><strong>crastino</strong></span> 
     </span>
    </p>

    <p class='ocr_par' dir='ltr' id='par_1_6' title="bbox 253 1789 1408 1876">
     <span class='ocr_line' id='line_1_12' title="bbox 253 1789 1408 1876; baseline -0.001 -19"><span class='ocrx_word' id='word_1_98' title='bbox 253 1793 325 1857; x_wconf 85' lang='lat' dir='ltr'><strong>Rex</strong></span> <span class='ocrx_word' id='word_1_99' title='bbox 340 1800 374 1855; x_wconf 92' lang='lat' dir='ltr'><strong>et</strong></span> <span class='ocrx_word' id='word_1_100' title='bbox 389 1789 512 1874; x_wconf 79' lang='lat' dir='ltr'><strong>Regina</strong></span> <span class='ocrx_word' id='word_1_101' title='bbox 525 1801 730 1856; x_wconf 89' lang='lat' dir='ltr'><strong>recesserunt</strong></span> <span class='ocrx_word' id='word_1_102' title='bbox 743 1814 762 1856; x_wconf 90' lang='lat' dir='ltr'><strong>a</strong></span> <span class='ocrx_word' id='word_1_103' title='bbox 776 1791 872 1856; x_wconf 81' lang='lat' dir='ltr'><strong>&#39;l&#39;urri</strong></span> <span class='ocrx_word' id='word_1_104' title='bbox 885 1813 989 1876; x_wconf 90' lang='lat' dir='ltr'><strong>usque</strong></span> <span class='ocrx_word' id='word_1_105' title='bbox 1004 1791 1046 1855; x_wconf 89' lang='lat' dir='ltr'><strong>ad</strong></span> <span class='ocrx_word' id='word_1_106' title='bbox 1067 1789 1408 1856; x_wconf 76' lang='lat' dir='ltr'><strong>westmonasterium.</strong></span> 
     </span>
    </p>

    <p class='ocr_par' dir='ltr' id='par_1_7' title="bbox 253 1892 1409 1980">
     <span class='ocr_line' id='line_1_13' title="bbox 253 1892 1409 1980; baseline -0.002 -22"><span class='ocrx_word' id='word_1_107' title='bbox 253 1893 348 1958; x_wconf 80' lang='lat' dir='ltr'><strong>&#39;l&#39;uno</strong></span> <span class='ocrx_word' id='word_1_108' title='bbox 357 1892 525 1979; x_wconf 90' lang='lat' dir='ltr'><strong>temporis,</strong></span> <span class='ocrx_word' id='word_1_109' title='bbox 540 1893 737 1958; x_wconf 84' lang='lat' dir='ltr'><strong>assentiente</strong></span> <span class='ocrx_word' id='word_1_110' title='bbox 752 1893 897 1959; x_wconf 91' lang='lat' dir='ltr'><strong>Domino</strong></span> <span class='ocrx_word' id='word_1_111' title='bbox 910 1895 1008 1980; x_wconf 83' lang='lat' dir='ltr'><strong>Rege,</strong></span> <span class='ocrx_word' id='word_1_112' title='bbox 1019 1895 1123 1959; x_wconf 87' lang='lat' dir='ltr'><strong>factus</strong></span> <span class='ocrx_word' id='word_1_113' title='bbox 1132 1903 1183 1959; x_wconf 89' lang='lat' dir='ltr'><strong>est</strong></span> <span class='ocrx_word' id='word_1_114' title='bbox 1196 1915 1255 1980; x_wconf 92' lang='lat' dir='ltr'><strong>per</strong></span> <span class='ocrx_word' id='word_1_115' title='bbox 1264 1893 1409 1957; x_wconf 79' lang='lat' dir='ltr'><strong>Berones</strong></span> 
     </span>
    </p>

    <p class='ocr_par' dir='ltr' id='par_1_8' title="bbox 255 1993 1410 2082">
     <span class='ocr_line' id='line_1_14' title="bbox 255 1993 1410 2082; baseline -0.001 -22"><span class='ocrx_word' id='word_1_116' title='bbox 255 1996 356 2080; x_wconf 87' lang='lat' dir='ltr'><strong>Hugc</strong></span> <span class='ocrx_word' id='word_1_117' title='bbox 384 1995 415 2058; x_wconf 91' lang='lat' dir='ltr'><strong>le</strong></span> <span class='ocrx_word' id='word_1_118' title='bbox 445 1994 634 2079; x_wconf 85' lang='lat' dir='ltr'><strong>Despencer</strong></span> <span class='ocrx_word' id='word_1_119' title='bbox 659 1994 862 2060; x_wconf 84' lang='lat' dir='ltr'><strong>Justitiarius</strong></span> <span class='ocrx_word' id='word_1_120' title='bbox 891 1996 994 2060; x_wconf 87' lang='lat' dir='ltr'><strong>totius</strong></span> <span class='ocrx_word' id='word_1_121' title='bbox 1019 1995 1148 2082; x_wconf 80' lang='lat' dir='ltr'><strong>Anglie,</strong></span> <span class='ocrx_word' id='word_1_122' title='bbox 1171 2003 1206 2060; x_wconf 90' lang='lat' dir='ltr'><strong>et</strong></span> <span class='ocrx_word' id='word_1_123' title='bbox 1233 1993 1351 2060; x_wconf 72' lang='lat' dir='ltr'><strong>tradita</strong></span> <span class='ocrx_word' id='word_1_124' title='bbox 1379 1993 1410 2059; x_wconf 90' lang='lat' dir='ltr'><strong>ei</strong></span> 
     </span>
    </p>

    <p class='ocr_par' dir='ltr' id='par_1_9' title="bbox 253 2096 638 2162">
     <span class='ocr_line' id='line_1_15' title="bbox 253 2096 638 2162; baseline -0.008 0"><span class='ocrx_word' id='word_1_125' title='bbox 253 2097 367 2162; x_wconf 71' lang='lat' dir='ltr'><strong>&#39;hirris</strong></span> <span class='ocrx_word' id='word_1_126' title='bbox 382 2096 638 2160; x_wconf 87' lang='lat' dir='ltr'><strong>Londoniarum.</strong></span> 
     </span>
    </p>

    <p class='ocr_par' dir='ltr' id='par_1_10' title="bbox 255 2197 1622 3925">
     <span class='ocr_line' id='line_1_16' title="bbox 300 2197 1622 2326; baseline -0.002 -62"><span class='ocrx_word' id='word_1_127' title='bbox 300 2197 552 2264; x_wconf 87' lang='lat' dir='ltr'><strong>Memorandum</strong></span> <span class='ocrx_word' id='word_1_128' title='bbox 575 2199 663 2284; x_wconf 92' lang='lat' dir='ltr'><strong>quod</strong></span> <span class='ocrx_word' id='word_1_129' title='bbox 677 2199 739 2264; x_wconf 86' lang='lat' dir='ltr'><strong>iste</strong></span> <span class='ocrx_word' id='word_1_130' title='bbox 766 2198 885 2279; x_wconf 90' lang='lat' dir='ltr'><strong>Maior,</strong></span> <span class='ocrx_word' id='word_1_131' title='bbox 908 2206 1055 2285; x_wconf 89' lang='lat' dir='ltr'><strong>tempore</strong></span> <span class='ocrx_word' id='word_1_132' title='bbox 1081 2198 1262 2264; x_wconf 87' lang='lat' dir='ltr'><strong>Maioratus</strong></span> <span class='ocrx_word' id='word_1_133' title='bbox 1278 2197 1340 2278; x_wconf 89' lang='lat' dir='ltr'><strong>sui,</strong></span> <span class='ocrx_word' id='word_1_134' title='bbox 1364 2197 1411 2262; x_wconf 84' lang='lat' dir='ltr'><strong>ito</strong></span> <span class='ocrx_word' id='word_1_135' title='bbox 1423 2198 1622 2326; x_wconf 43' lang='lat' dir='ltr'><strong>gemm</strong></span> 
     </span>
     <span class='ocr_line' id='line_1_17' title="bbox 256 2300 1589 2407; baseline -0.002 -40"><span class='ocrx_word' id='word_1_136' title='bbox 256 2302 415 2367; x_wconf 88' lang='lat' dir='ltr'><strong>nutrierat</strong></span> <span class='ocrx_word' id='word_1_137' title='bbox 428 2300 588 2387; x_wconf 91' lang='lat' dir='ltr'><strong>populum</strong></span> <span class='ocrx_word' id='word_1_138' title='bbox 599 2301 759 2382; x_wconf 81' lang='lat' dir='ltr'><strong>Civitatis,</strong></span> <span class='ocrx_word' id='word_1_139' title='bbox 775 2303 864 2388; x_wconf 92' lang='lat' dir='ltr'><strong>quod</strong></span> <span class='ocrx_word' id='word_1_140' title='bbox 877 2311 1032 2368; x_wconf 84' lang='lat' dir='ltr'><strong>vocantes</strong></span> <span class='ocrx_word' id='word_1_141' title='bbox 1047 2324 1082 2368; x_wconf 90' lang='lat' dir='ltr'><strong>se</strong></span> <span class='ocrx_word' id='word_1_142' title='bbox 1095 2302 1312 2369; x_wconf 76' lang='lat' dir='ltr'><strong>Communem</strong></span> <span class='ocrx_word' id='word_1_143' title='bbox 1323 2300 1410 2366; x_wconf 86' lang='lat' dir='ltr'><strong>civi-</strong></span> <span class='ocrx_word' id='word_1_144' title='bbox 1424 2330 1472 2407; x_wconf 51' lang='grc' dir='ltr'><em>Μ</em></span> <span class='ocrx_word' id='word_1_145' title='bbox 1482 2329 1546 2376; x_wconf 71' lang='lat' dir='ltr'><strong>dom·</strong></span> <span class='ocrx_word' id='word_1_146' title='bbox 1537 2343 1589 2374; x_wconf 63' lang='grc' dir='ltr'><strong>Μ,</strong></span> 
     </span>
     <span class='ocr_line' id='line_1_18' title="bbox 255 2402 1613 2520; baseline -0.001 -51"><span class='ocrx_word' id='word_1_147' title='bbox 255 2404 345 2484; x_wconf 86' lang='lat' dir='ltr'><strong>tatis,</strong></span> <span class='ocrx_word' id='word_1_148' title='bbox 360 2402 541 2468; x_wconf 87' lang='lat' dir='ltr'><strong>habuerant</strong></span> <span class='ocrx_word' id='word_1_149' title='bbox 557 2403 696 2489; x_wconf 90' lang='lat' dir='ltr'><strong>primam</strong></span> <span class='ocrx_word' id='word_1_150' title='bbox 709 2425 825 2470; x_wconf 85' lang='lat' dir='ltr'><strong>vocem</strong></span> <span class='ocrx_word' id='word_1_151' title='bbox 848 2405 1051 2471; x_wconf 76' lang='lat' dir='ltr'><strong>incivitate.</strong></span> <span class='ocrx_word' id='word_1_152' title='bbox 1094 2404 1277 2491; x_wconf 84' lang='lat' dir='ltr'><strong>Namrpse</strong></span> <span class='ocrx_word' id='word_1_153' title='bbox 1303 2403 1395 2469; x_wconf 90' lang='lat' dir='ltr'><strong>Maio</strong></span> <span class='ocrx_word' id='word_1_154' title='bbox 1423 2461 1612 2520; x_wconf 66' lang='lat' dir='ltr'><strong>nmmo</strong></span> <span class='ocrx_word' id='word_1_155' title='bbox 1560 2455 1613 2504; x_wconf 53' lang='lat' dir='ltr'><strong>a..</strong></span> 
     </span>
     <span class='ocr_line' id='line_1_19' title="bbox 257 2503 1484 2591; baseline 0.002 -20"><span class='ocrx_word' id='word_1_156' title='bbox 257 2505 367 2571; x_wconf 85' lang='lat' dir='ltr'><strong>omnia</strong></span> <span class='ocrx_word' id='word_1_157' title='bbox 391 2503 515 2590; x_wconf 86' lang='lat' dir='ltr'><strong>agenda</strong></span> <span class='ocrx_word' id='word_1_158' title='bbox 539 2527 598 2569; x_wconf 89' lang='lat' dir='ltr'><strong>sua</strong></span> <span class='ocrx_word' id='word_1_159' title='bbox 612 2527 670 2591; x_wconf 90' lang='lat' dir='ltr'><strong>per</strong></span> <span class='ocrx_word' id='word_1_160' title='bbox 692 2505 765 2571; x_wconf 92' lang='lat' dir='ltr'><strong>illos</strong></span> <span class='ocrx_word' id='word_1_161' title='bbox 781 2505 897 2591; x_wconf 80' lang='lat' dir='ltr'><strong>agebat</strong></span> <span class='ocrx_word' id='word_1_162' title='bbox 922 2516 956 2572; x_wconf 92' lang='lat' dir='ltr'><strong>et</strong></span> <span class='ocrx_word' id='word_1_163' title='bbox 980 2506 1186 2588; x_wconf 86' lang='lat' dir='ltr'><strong>terminabat,</strong></span> <span class='ocrx_word' id='word_1_164' title='bbox 1212 2507 1323 2572; x_wconf 89' lang='lat' dir='ltr'><strong>dicens</strong></span> <span class='ocrx_word' id='word_1_165' title='bbox 1352 2504 1484 2586; x_wconf 54' lang='lat' dir='ltr'><strong>eiurari..</strong></span> 
     </span>
     <span class='ocr_line' id='line_1_20' title="bbox 257 2606 1412 2695; baseline 0.001 -23"><span class='ocrx_word' id='word_1_166' title='bbox 257 2606 389 2672; x_wconf 81' lang='lat' dir='ltr'><strong>“vultis</strong></span> <span class='ocrx_word' id='word_1_167' title='bbox 404 2629 464 2672; x_wconf 85' lang='lat' dir='ltr'><strong>vos</strong></span> <span class='ocrx_word' id='word_1_168' title='bbox 479 2615 519 2670; x_wconf 91' lang='lat' dir='ltr'><strong>ut</strong></span> <span class='ocrx_word' id='word_1_169' title='bbox 532 2606 579 2671; x_wconf 80' lang='lat' dir='ltr'><strong>ito</strong></span> <span class='ocrx_word' id='word_1_170' title='bbox 592 2606 691 2688; x_wconf 55' lang='lat' dir='ltr'><strong>fiatff’</strong></span> <span class='ocrx_word' id='word_1_171' title='bbox 713 2617 748 2672; x_wconf 90' lang='lat' dir='ltr'><strong>et</strong></span> <span class='ocrx_word' id='word_1_172' title='bbox 763 2630 790 2672; x_wconf 74' lang='grc' dir='ltr'><strong>ιι</strong></span> <span class='ocrx_word' id='word_1_173' title='bbox 781 2609 965 2674; x_wconf 84' lang='lat' dir='ltr'><strong>dixissent</strong></span> <span class='ocrx_word' id='word_1_174' title='bbox 989 2632 1032 2694; x_wconf 72' lang='lat' dir='ltr'><strong>yn</strong></span> <span class='ocrx_word' id='word_1_175' title='bbox 1054 2632 1108 2695; x_wconf 79' lang='lat' dir='ltr'><strong>yn,</strong></span> <span class='ocrx_word' id='word_1_176' title='bbox 1132 2611 1178 2675; x_wconf 89' lang='lat' dir='ltr'><strong>ita</strong></span> <span class='ocrx_word' id='word_1_177' title='bbox 1203 2611 1326 2675; x_wconf 86' lang='lat' dir='ltr'><strong>lactum</strong></span> <span class='ocrx_word' id='word_1_178' title='bbox 1339 2608 1412 2673; x_wconf 81' lang='lat' dir='ltr'><strong>fuit.</strong></span> 
     </span>
     <span class='ocr_line' id='line_1_21' title="bbox 258 2709 1413 2796; baseline 0.001 -22"><span class='ocrx_word' id='word_1_179' title='bbox 258 2710 305 2775; x_wconf 84' lang='lat' dir='ltr'><strong>Et</strong></span> <span class='ocrx_word' id='word_1_180' title='bbox 319 2709 338 2774; x_wconf 74' lang='lat' dir='ltr'><strong>e</strong></span> <span class='ocrx_word' id='word_1_181' title='bbox 352 2731 521 2789; x_wconf 86' lang='lat' dir='ltr'><strong>converso,</strong></span> <span class='ocrx_word' id='word_1_182' title='bbox 536 2731 651 2795; x_wconf 89' lang='lat' dir='ltr'><strong>parum</strong></span> <span class='ocrx_word' id='word_1_183' title='bbox 666 2719 724 2774; x_wconf 88' lang='lat' dir='ltr'><strong>aut</strong></span> <span class='ocrx_word' id='word_1_184' title='bbox 747 2710 848 2776; x_wconf 84' lang='lat' dir='ltr'><strong>nichil</strong></span> <span class='ocrx_word' id='word_1_185' title='bbox 871 2712 1098 2777; x_wconf 88' lang='lat' dir='ltr'><strong>Aldermannis</strong></span> <span class='ocrx_word' id='word_1_186' title='bbox 1118 2733 1176 2777; x_wconf 88' lang='lat' dir='ltr'><strong>seu</strong></span> <span class='ocrx_word' id='word_1_187' title='bbox 1202 2709 1413 2796; x_wconf 82' lang='lat' dir='ltr'><strong>Magnetibus</strong></span> 
     </span>
     <span class='ocr_line' id='line_1_22' title="bbox 260 2811 1414 2899; baseline 0.001 -21"><span class='ocrx_word' id='word_1_188' title='bbox 260 2811 411 2878; x_wconf 85' lang='lat' dir='ltr'><strong>Civitatis</strong></span> <span class='ocrx_word' id='word_1_189' title='bbox 423 2813 592 2898; x_wconf 89' lang='lat' dir='ltr'><strong>superhoo</strong></span> <span class='ocrx_word' id='word_1_190' title='bbox 607 2811 784 2890; x_wconf 84' lang='lat' dir='ltr'><strong>consultis3</strong></span> <span class='ocrx_word' id='word_1_191' title='bbox 800 2813 859 2876; x_wconf 90' lang='lat' dir='ltr'><strong>sed</strong></span> <span class='ocrx_word' id='word_1_192' title='bbox 873 2814 1006 2877; x_wconf 87' lang='lat' dir='ltr'><strong>luerunt</strong></span> <span class='ocrx_word' id='word_1_193' title='bbox 1018 2814 1093 2899; x_wconf 90' lang='lat' dir='ltr'><strong>ipsi,</strong></span> <span class='ocrx_word' id='word_1_194' title='bbox 1109 2814 1200 2899; x_wconf 90' lang='lat' dir='ltr'><strong>quasi</strong></span> <span class='ocrx_word' id='word_1_195' title='bbox 1213 2836 1281 2879; x_wconf 88' lang='lat' dir='ltr'><strong>non</strong></span> <span class='ocrx_word' id='word_1_196' title='bbox 1293 2823 1414 2879; x_wconf 90' lang='lat' dir='ltr'><strong>essent.</strong></span> 
     </span>
     <span class='ocr_line' id='line_1_23' title="bbox 259 2913 1414 3000; baseline -0.001 -21"><span class='ocrx_word' id='word_1_197' title='bbox 259 2915 329 2979; x_wconf 90' lang='lat' dir='ltr'><strong>Iste</strong></span> <span class='ocrx_word' id='word_1_198' title='bbox 343 2913 484 3000; x_wconf 90' lang='lat' dir='ltr'><strong>populus</strong></span> <span class='ocrx_word' id='word_1_199' title='bbox 499 2914 545 2977; x_wconf 89' lang='lat' dir='ltr'><strong>ita</strong></span> <span class='ocrx_word' id='word_1_200' title='bbox 559 2933 619 2998; x_wconf 91' lang='lat' dir='ltr'><strong>per</strong></span> <span class='ocrx_word' id='word_1_201' title='bbox 637 2913 700 2977; x_wconf 89' lang='lat' dir='ltr'><strong>boc</strong></span> <span class='ocrx_word' id='word_1_202' title='bbox 723 2922 793 2977; x_wconf 88' lang='lat' dir='ltr'><strong>erat</strong></span> <span class='ocrx_word' id='word_1_203' title='bbox 807 2913 911 2978; x_wconf 89' lang='lat' dir='ltr'><strong>elatus</strong></span> <span class='ocrx_word' id='word_1_204' title='bbox 934 2922 969 2978; x_wconf 93' lang='lat' dir='ltr'><strong>et</strong></span> <span class='ocrx_word' id='word_1_205' title='bbox 994 2914 1145 2998; x_wconf 89' lang='lat' dir='ltr'><strong>superbia</strong></span> <span class='ocrx_word' id='word_1_206' title='bbox 1167 2913 1310 2994; x_wconf 83' lang='lat' dir='ltr'><strong>inflatus,</strong></span> <span class='ocrx_word' id='word_1_207' title='bbox 1325 2915 1414 2999; x_wconf 93' lang='lat' dir='ltr'><strong>quod</strong></span> 
     </span>
     <span class='ocr_line' id='line_1_24' title="bbox 259 3014 1413 3103; baseline -0.001 -20"><span class='ocrx_word' id='word_1_208' title='bbox 259 3027 407 3103; x_wconf 92' lang='lat' dir='ltr'><strong>tempore</strong></span> <span class='ocrx_word' id='word_1_209' title='bbox 422 3014 675 3101; x_wconf 87' lang='lat' dir='ltr'><strong>perturbationis</strong></span> <span class='ocrx_word' id='word_1_210' title='bbox 690 3015 791 3100; x_wconf 81' lang='lat' dir='ltr'><strong>regni,</strong></span> <span class='ocrx_word' id='word_1_211' title='bbox 807 3015 847 3080; x_wconf 94' lang='lat' dir='ltr'><strong>de</strong></span> <span class='ocrx_word' id='word_1_212' title='bbox 868 3037 932 3100; x_wconf 90' lang='lat' dir='ltr'><strong>qua</strong></span> <span class='ocrx_word' id='word_1_213' title='bbox 947 3015 1094 3102; x_wconf 82' lang='lat' dir='ltr'><strong>superius</strong></span> <span class='ocrx_word' id='word_1_214' title='bbox 1109 3015 1233 3081; x_wconf 89' lang='lat' dir='ltr'><strong>mentio</strong></span> <span class='ocrx_word' id='word_1_215' title='bbox 1247 3017 1332 3082; x_wconf 83' lang='lat' dir='ltr'><strong>facta</strong></span> <span class='ocrx_word' id='word_1_216' title='bbox 1352 3026 1413 3097; x_wconf 87' lang='lat' dir='ltr'><strong>est,</strong></span> 
     </span>
     <span class='ocr_line' id='line_1_25' title="bbox 259 3117 1413 3205; baseline 0.001 -22"><span class='ocrx_word' id='word_1_217' title='bbox 259 3119 325 3205; x_wconf 91' lang='lat' dir='ltr'><strong>ipsi</strong></span> <span class='ocrx_word' id='word_1_218' title='bbox 338 3120 485 3183; x_wconf 85' lang='lat' dir='ltr'><strong>lecerunt</strong></span> <span class='ocrx_word' id='word_1_219' title='bbox 510 3118 551 3182; x_wconf 92' lang='lat' dir='ltr'><strong>de</strong></span> <span class='ocrx_word' id='word_1_220' title='bbox 575 3139 610 3183; x_wconf 88' lang='lat' dir='ltr'><strong>se</strong></span> <span class='ocrx_word' id='word_1_221' title='bbox 632 3117 886 3198; x_wconf 79' lang='lat' dir='ltr'><strong>conventiculae,</strong></span> <span class='ocrx_word' id='word_1_222' title='bbox 902 3129 936 3184; x_wconf 94' lang='lat' dir='ltr'><strong>et</strong></span> <span class='ocrx_word' id='word_1_223' title='bbox 960 3139 1019 3204; x_wconf 91' lang='lat' dir='ltr'><strong>per</strong></span> <span class='ocrx_word' id='word_1_224' title='bbox 1040 3127 1194 3184; x_wconf 90' lang='lat' dir='ltr'><strong>centenos</strong></span> <span class='ocrx_word' id='word_1_225' title='bbox 1209 3128 1243 3183; x_wconf 92' lang='lat' dir='ltr'><strong>et</strong></span> <span class='ocrx_word' id='word_1_226' title='bbox 1263 3119 1413 3185; x_wconf 91' lang='lat' dir='ltr'><strong>millenos</strong></span> 
     </span>
     <span class='ocr_line' id='line_1_26' title="bbox 257 3217 1415 3306; baseline 0.001 -22"><span class='ocrx_word' id='word_1_227' title='bbox 257 3220 443 3306; x_wconf 86' lang='lat' dir='ltr'><strong>juramento</strong></span> <span class='ocrx_word' id='word_1_228' title='bbox 458 3217 655 3283; x_wconf 82' lang='lat' dir='ltr'><strong>confederati</strong></span> <span class='ocrx_word' id='word_1_229' title='bbox 681 3228 769 3299; x_wconf 87' lang='lat' dir='ltr'><strong>sunt,</strong></span> <span class='ocrx_word' id='word_1_230' title='bbox 795 3217 856 3283; x_wconf 90' lang='lat' dir='ltr'><strong>sub</strong></span> <span class='ocrx_word' id='word_1_231' title='bbox 872 3219 1012 3304; x_wconf 88' lang='lat' dir='ltr'><strong>quodam</strong></span> <span class='ocrx_word' id='word_1_232' title='bbox 1037 3220 1144 3284; x_wconf 89' lang='lat' dir='ltr'><strong>colore</strong></span> <span class='ocrx_word' id='word_1_233' title='bbox 1166 3242 1279 3306; x_wconf 90' lang='lat' dir='ltr'><strong>paoem</strong></span> <span class='ocrx_word' id='word_1_234' title='bbox 1303 3219 1415 3286; x_wconf 91' lang='lat' dir='ltr'><strong>obser-</strong></span> 
     </span>
     <span class='ocr_line' id='line_1_27' title="bbox 261 3319 1415 3408; baseline 0.003 -22"><span class='ocrx_word' id='word_1_235' title='bbox 261 3319 371 3398; x_wconf 78' lang='lat' dir='ltr'><strong>vandi,</strong></span> <span class='ocrx_word' id='word_1_236' title='bbox 395 3319 451 3405; x_wconf 93' lang='lat' dir='ltr'><strong>qui</strong></span> <span class='ocrx_word' id='word_1_237' title='bbox 473 3319 643 3386; x_wconf 76' lang='lat' dir='ltr'><strong>manifeste</strong></span> <span class='ocrx_word' id='word_1_238' title='bbox 667 3323 798 3387; x_wconf 88' lang='lat' dir='ltr'><strong>fuerunt</strong></span> <span class='ocrx_word' id='word_1_239' title='bbox 819 3323 908 3408; x_wconf 91' lang='lat' dir='ltr'><strong>pacis</strong></span> <span class='ocrx_word' id='word_1_240' title='bbox 933 3320 1185 3407; x_wconf 87' lang='lat' dir='ltr'><strong>perturbatores.</strong></span> <span class='ocrx_word' id='word_1_241' title='bbox 1229 3323 1316 3388; x_wconf 89' lang='lat' dir='ltr'><strong>Nam</strong></span> <span class='ocrx_word' id='word_1_242' title='bbox 1339 3345 1415 3390; x_wconf 91' lang='lat' dir='ltr'><strong>cum</strong></span> 
     </span>
     <span class='ocr_line' id='line_1_28' title="bbox 262 3421 1416 3511; baseline 0.003 -24"><span class='ocrx_word' id='word_1_243' title='bbox 262 3423 409 3488; x_wconf 79' lang='lat' dir='ltr'><strong>Berones</strong></span> <span class='ocrx_word' id='word_1_244' title='bbox 424 3421 652 3486; x_wconf 85' lang='lat' dir='ltr'><strong>tantummodo</strong></span> <span class='ocrx_word' id='word_1_245' title='bbox 668 3443 766 3508; x_wconf 90' lang='lat' dir='ltr'><strong>super</strong></span> <span class='ocrx_word' id='word_1_246' title='bbox 779 3421 863 3502; x_wconf 89' lang='lat' dir='ltr'><strong>illos,</strong></span> <span class='ocrx_word' id='word_1_247' title='bbox 878 3423 934 3508; x_wconf 91' lang='lat' dir='ltr'><strong>qui</strong></span> <span class='ocrx_word' id='word_1_248' title='bbox 948 3423 1092 3509; x_wconf 87' lang='lat' dir='ltr'><strong>predicta</strong></span> <span class='ocrx_word' id='word_1_249' title='bbox 1107 3433 1229 3489; x_wconf 88' lang='lat' dir='ltr'><strong>statuta</strong></span> <span class='ocrx_word' id='word_1_250' title='bbox 1242 3424 1416 3511; x_wconf 80' lang='lat' dir='ltr'><strong>infringere</strong></span> 
     </span>
     <span class='ocr_line' id='line_1_29' title="bbox 261 3523 1414 3614; baseline 0.003 -22"><span class='ocrx_word' id='word_1_251' title='bbox 261 3527 448 3606; x_wconf 83' lang='lat' dir='ltr'><strong>voluerunt,</strong></span> <span class='ocrx_word' id='word_1_252' title='bbox 473 3523 679 3606; x_wconf 82' lang='lat' dir='ltr'><strong>militassent,</strong></span> <span class='ocrx_word' id='word_1_253' title='bbox 703 3534 737 3591; x_wconf 88' lang='lat' dir='ltr'><strong>et</strong></span> <span class='ocrx_word' id='word_1_254' title='bbox 750 3524 838 3591; x_wconf 90' lang='lat' dir='ltr'><strong>bona</strong></span> <span class='ocrx_word' id='word_1_255' title='bbox 851 3527 965 3592; x_wconf 87' lang='lat' dir='ltr'><strong>talium</strong></span> <span class='ocrx_word' id='word_1_256' title='bbox 991 3527 1211 3614; x_wconf 89' lang='lat' dir='ltr'><strong>diripuissent,</strong></span> <span class='ocrx_word' id='word_1_257' title='bbox 1237 3539 1271 3594; x_wconf 90' lang='lat' dir='ltr'><strong>et</strong></span> <span class='ocrx_word' id='word_1_258' title='bbox 1295 3530 1358 3595; x_wconf 94' lang='lat' dir='ltr'><strong>hoc</strong></span> <span class='ocrx_word' id='word_1_259' title='bbox 1372 3530 1414 3595; x_wconf 92' lang='lat' dir='ltr'><strong>de</strong></span> 
     </span>
     <span class='ocr_line' id='line_1_30' title="bbox 261 3628 1414 3718; baseline 0.002 -22"><span class='ocrx_word' id='word_1_260' title='bbox 261 3631 325 3712; x_wconf 91' lang='lat' dir='ltr'><strong>die,</strong></span> <span class='ocrx_word' id='word_1_261' title='bbox 347 3629 404 3695; x_wconf 91' lang='lat' dir='ltr'><strong>isti</strong></span> <span class='ocrx_word' id='word_1_262' title='bbox 426 3628 466 3695; x_wconf 99' lang='lat' dir='ltr'><strong>de</strong></span> <span class='ocrx_word' id='word_1_263' title='bbox 490 3640 587 3695; x_wconf 91' lang='lat' dir='ltr'><strong>nocte</strong></span> <span class='ocrx_word' id='word_1_264' title='bbox 601 3629 717 3695; x_wconf 90' lang='lat' dir='ltr'><strong>domos</strong></span> <span class='ocrx_word' id='word_1_265' title='bbox 733 3630 941 3695; x_wconf 84' lang='lat' dir='ltr'><strong>Caursinium</strong></span> <span class='ocrx_word' id='word_1_266' title='bbox 955 3639 990 3697; x_wconf 90' lang='lat' dir='ltr'><strong>et</strong></span> <span class='ocrx_word' id='word_1_267' title='bbox 1009 3631 1155 3713; x_wconf 87' lang='lat' dir='ltr'><strong>aliorum,</strong></span> <span class='ocrx_word' id='word_1_268' title='bbox 1171 3632 1227 3718; x_wconf 89' lang='lat' dir='ltr'><strong>qui</strong></span> <span class='ocrx_word' id='word_1_269' title='bbox 1250 3655 1318 3698; x_wconf 87' lang='lat' dir='ltr'><strong>non</strong></span> <span class='ocrx_word' id='word_1_270' title='bbox 1344 3634 1414 3699; x_wconf 88' lang='lat' dir='ltr'><strong>fue·</strong></span> 
     </span>
     <span class='ocr_line' id='line_1_31' title="bbox 262 3733 1413 3822; baseline 0.002 -23"><span class='ocrx_word' id='word_1_271' title='bbox 262 3742 341 3799; x_wconf 91' lang='lat' dir='ltr'><strong>runt</strong></span> <span class='ocrx_word' id='word_1_272' title='bbox 354 3741 468 3799; x_wconf 91' lang='lat' dir='ltr'><strong>contra</strong></span> <span class='ocrx_word' id='word_1_273' title='bbox 489 3741 612 3799; x_wconf 85' lang='lat' dir='ltr'><strong>statuta</strong></span> <span class='ocrx_word' id='word_1_274' title='bbox 637 3733 793 3820; x_wconf 88' lang='lat' dir='ltr'><strong>predicta,</strong></span> <span class='ocrx_word' id='word_1_275' title='bbox 816 3734 852 3799; x_wconf 91' lang='lat' dir='ltr'><strong>in</strong></span> <span class='ocrx_word' id='word_1_276' title='bbox 879 3733 1019 3800; x_wconf 86' lang='lat' dir='ltr'><strong>Civitate</strong></span> <span class='ocrx_word' id='word_1_277' title='bbox 1033 3735 1198 3822; x_wconf 80' lang='lat' dir='ltr'><strong>fregerunt</strong></span> <span class='ocrx_word' id='word_1_278' title='bbox 1220 3745 1254 3802; x_wconf 94' lang='lat' dir='ltr'><strong>et</strong></span> <span class='ocrx_word' id='word_1_279' title='bbox 1278 3734 1365 3802; x_wconf 92' lang='lat' dir='ltr'><strong>bona</strong></span> <span class='ocrx_word' id='word_1_280' title='bbox 1378 3737 1413 3801; x_wconf 90' lang='lat' dir='ltr'><strong>in</strong></span> 
     </span>
     <span class='ocr_line' id='line_1_32' title="bbox 263 3836 1417 3925; baseline 0.004 -23"><span class='ocrx_word' id='word_1_281' title='bbox 263 3836 418 3923; x_wconf 88' lang='lat' dir='ltr'><strong>predictis</strong></span> <span class='ocrx_word' id='word_1_282' title='bbox 433 3836 584 3903; x_wconf 92' lang='lat' dir='ltr'><strong>domibus</strong></span> <span class='ocrx_word' id='word_1_283' title='bbox 598 3836 731 3903; x_wconf 83' lang='lat' dir='ltr'><strong>inventa</strong></span> <span class='ocrx_word' id='word_1_284' title='bbox 745 3837 904 3904; x_wconf 82' lang='lat' dir='ltr'><strong>violenter</strong></span> <span class='ocrx_word' id='word_1_285' title='bbox 918 3847 1175 3925; x_wconf 82' lang='lat' dir='ltr'><strong>asportaverunt,</strong></span> <span class='ocrx_word' id='word_1_286' title='bbox 1189 3848 1225 3905; x_wconf 93' lang='lat' dir='ltr'><strong>et</strong></span> <span class='ocrx_word' id='word_1_287' title='bbox 1238 3841 1341 3906; x_wconf 85' lang='lat' dir='ltr'><strong>multe</strong></span> <span class='ocrx_word' id='word_1_288' title='bbox 1355 3841 1417 3908; x_wconf 85' lang='lat' dir='ltr'><strong>alia</strong></span> 
     </span>
    </p>
   </div>
   <div class='ocr_carea' id='block_1_3' title="bbox 263 3938 1287 4054">
    <p class='ocr_par' dir='ltr' id='par_1_11' title="bbox 263 3938 1287 4054">
     <span class='ocr_line' id='line_1_33' title="bbox 263 3938 1287 4054; baseline 0.004 -51"><span class='ocrx_word' id='word_1_289' title='bbox 263 3938 376 4003; x_wconf 89' lang='lat' dir='ltr'><strong>illicita</strong></span> <span class='ocrx_word' id='word_1_290' title='bbox 389 3939 545 4054; x_wconf 76' lang='lat' dir='ltr'><strong>fecerunt.</strong></span> <span class='ocrx_word' id='word_1_291' title='bbox 590 3940 671 4006; x_wconf 87' lang='lat' dir='ltr'><strong>lllos</strong></span> <span class='ocrx_word' id='word_1_292' title='bbox 686 3959 763 4006; x_wconf 82' lang='lat' dir='ltr'><strong>vero</strong></span> <span class='ocrx_word' id='word_1_293' title='bbox 779 3939 889 4006; x_wconf 89' lang='lat' dir='ltr'><strong>Maior</strong></span> <span class='ocrx_word' id='word_1_294' title='bbox 902 3941 1012 4026; x_wconf 86' lang='lat' dir='ltr'><strong>tepide</strong></span> <span class='ocrx_word' id='word_1_295' title='bbox 1026 3939 1287 4027; x_wconf 81' lang='lat' dir='ltr'><strong>redarguebatur.</strong></span> 
     </span>
    </p>
   </div>
   <div class='ocr_carea' id='block_1_4' title="bbox 264 4140 1567 4230">
    <p class='ocr_par' dir='ltr' id='par_1_12' title="bbox 264 4140 1567 4230">
     <span class='ocr_line' id='line_1_34' title="bbox 264 4140 1567 4230; baseline 0.002 -21"><span class='ocrx_word' id='word_1_296' title='bbox 264 4151 443 4228; x_wconf 84' lang='lat' dir='ltr'><strong>presturas,</strong></span> <span class='ocrx_word' id='word_1_297' title='bbox 457 4163 559 4208; x_wconf 83' lang='lat' dir='ltr'><strong>noras</strong></span> <span class='ocrx_word' id='word_1_298' title='bbox 584 4152 619 4209; x_wconf 90' lang='lat' dir='ltr'><strong>et</strong></span> <span class='ocrx_word' id='word_1_299' title='bbox 632 4153 770 4223; x_wconf 75' lang='lat' dir='ltr'><strong>reterns,</strong></span> <span class='ocrx_word' id='word_1_300' title='bbox 795 4142 830 4208; x_wconf 92' lang='lat' dir='ltr'><strong>in</strong></span> <span class='ocrx_word' id='word_1_301' title='bbox 846 4143 999 4224; x_wconf 73' lang='lat' dir='ltr'><strong>Ciuitate,</strong></span> <span class='ocrx_word' id='word_1_302' title='bbox 1013 4143 1103 4211; x_wconf 90' lang='lat' dir='ltr'><strong>nullo</strong></span> <span class='ocrx_word' id='word_1_303' title='bbox 1123 4145 1206 4230; x_wconf 88' lang='lat' dir='ltr'><strong>juris</strong></span> <span class='ocrx_word' id='word_1_304' title='bbox 1232 4147 1345 4214; x_wconf 90' lang='lat' dir='ltr'><strong>ordine</strong></span> <span class='ocrx_word' id='word_1_305' title='bbox 1359 4149 1418 4216; x_wconf 92' lang='lat' dir='ltr'><strong>ob-</strong></span> <span class='ocrx_word' id='word_1_306' title='bbox 1431 4140 1567 4188; x_wconf 58' lang='lat' dir='ltr'><strong>⁰W·</strong></span> 
     </span>
    </p>
   </div>
   <div class='ocr_carea' id='block_1_5' title="bbox 0 0 1987 5022">
    <p class='ocr_par' dir='ltr' id='par_1_13' title="bbox 0 0 1987 5022">
     <span class='ocr_line' id='line_1_35' title="bbox 0 0 1987 5022; baseline 0 0"><span class='ocrx_word' id='word_1_307' title='bbox 0 0 1987 5022; x_wconf 95' lang='lat' dir='ltr'><strong> </strong></span> 
     </span>
    </p>
   </div>
  </div>
 </body>
</html>
