3930 5088
581 582 839 630 vrcscourruu
864 579 1150 627 nonnosrsann.
1393 565 1434 624 98

294 731 454 820 Baptiste,
477 734 629 800 dominus
654 735 778 800 Alanus
807 736 838 799 la
867 731 976 798 suche
1005 734 1111 797 iactus
1141 743 1193 797 est
1223 729 1437 797 Constabula·
1450 742 1614 791 Destanm

293 838 360 901 rius
374 840 497 918 Turris,
512 850 547 903 et
562 839 683 904 Custos
693 838 843 904 Civitatis
852 859 912 922 per
925 837 1106 902 Dominum
1117 838 1240 920 Regem
1256 833 1297 898 ad
1309 851 1436 897 crucem
1450 809 1530 858 sm·

293 938 404 1004 Sancti
419 940 511 1004 Psuli
523 962 630 1006 coram
645 941 734 1005 omni
749 940 883 1026 populo.

337 1041 454 1106 Postea
468 1042 520 1106 die
535 1042 709 1106 Dominica
722 1042 867 1127 precepit
879 1040 1043 1106 Dominus
1059 1040 1142 1118 Rex,
1157 1047 1195 1102 ut
1210 1037 1243 1101 in
1260 1037 1437 1101 crastinum

292 1141 332 1205 de
351 1142 484 1227 singulis
508 1142 639 1207 Wardis
660 1154 739 1208 tunc
764 1144 931 1208 venissent
951 1141 1066 1226 viginti
1090 1141 1250 1217 homines,
1273 1139 1377 1224 parati
1397 1137 1437 1200 cd

290 1247 562 1328 prostenrcndum
587 1247 757 1324 fossatum,
772 1245 860 1331 quod
876 1245 996 1310 Comes
1010 1242 1080 1308 ficri
1094 1244 1182 1322 fecit,
1201 1243 1249 1306 ita
1262 1241 1350 1327 quod
1371 1261 1438 1305 non

291 1356 460 1431 appareret
473 1347 564 1412 locus
579 1348 660 1431 ejus.

336 1448 599 1527 Memorandum,
614 1448 702 1533 quod
717 1471 780 1533 pax
796 1449 880 1513 facta
893 1448 957 1512 fuit
970 1447 1056 1512 inter
1070 1447 1251 1512 Dominum
1268 1447 1390 1530 Regem
1406 1454 1440 1510 et

293 1548 456 1614 Comitem
487 1550 687 1615 Glouvernie
714 1551 748 1615 in
785 1552 889 1616 forma
918 1549 1123 1635 subscripta3
1160 1549 1322 1627 videlicet,
1353 1547 1440 1632 quod

292 1650 456 1714 Dominus
486 1649 557 1716 Rex
581 1653 707 1716 remisit
730 1653 776 1716 illi
800 1663 834 1716 et
857 1651 1009 1716 omnibus
1025 1652 1064 1716 de
1089 1650 1222 1730 familia,
1238 1653 1392 1714 societate
1407 1661 1441 1714 et

292 1752 402 1816 amitis
411 1774 480 1831 sua,
489 1763 523 1816 et
531 1755 683 1819 omnibus
690 1752 973 1820 Londonicnsibus
985 1775 1116 1818 omnem
1126 1754 1217 1831 iram,
1229 1774 1394 1818 rancorem
1407 1763 1442 1818 et

292 1855 549 1939 indignationem
565 1866 598 1920 et
612 1879 743 1922 omnem
763 1857 880 1921 melam
900 1855 1113 1932 voluntatem,
1129 1877 1226 1938 quam
1241 1854 1355 1920 habuit
1369 1877 1441 1920 ver-

293 1979 348 2020 sus
363 1979 420 2022 eos
435 1959 604 2023 occasione
618 1960 911 2046 transgressionum
927 1967 960 2022 et
974 1957 1108 2020 aliarum
1119 1978 1226 2021 rerum
1236 1978 1294 2042 per
1304 1979 1361 2021 eos
1376 1959 1441 2022 fac·

291 2068 397 2123 tarum
423 2060 457 2124 in
483 2070 568 2125 terra
583 2063 635 2127 vel
657 2063 692 2126 in
707 2085 801 2147 aqua,
815 2070 989 2147 postquam
1006 2060 1112 2124 dictus
1129 2059 1249 2125 Comes
1264 2073 1441 2126 recesserat

291 2162 407 2228 ultimo
422 2186 441 2227 s
455 2163 584 2243 Wallia,
599 2176 634 2230 et
649 2166 727 2230 dum
753 2187 878 2231 moram
907 2165 985 2229 fecit
1013 2165 1046 2228 in
1072 2164 1222 2229 Civitate.
1281 2165 1328 2228 Et
1352 2164 1441 2250 quod

291 2265 454 2329 Dominus
473 2264 545 2330 Rex
560 2268 755 2354 acquietabit
778 2289 892 2332 omncs
916 2268 989 2332 illos
1000 2289 1114 2332 versus
1141 2288 1254 2331 omnes
1269 2276 1393 2350 gentes,
1408 2277 1442 2330 et

290 2388 357 2430 non
372 2369 540 2451 permittet
553 2371 693 2455 aliquem
709 2370 837 2436 illorum
865 2371 1062 2436 occasionari
1078 2370 1131 2434 vel
1146 2369 1300 2455 appellsri
1314 2369 1439 2432 ratione

289 2469 507 2554 predictarum
523 2473 817 2558 transgressionum
831 2499 840 2551 3
862 2484 999 2558 excepto
1014 2484 1123 2536 tamen
1136 2471 1224 2556 quod
1236 2481 1439 2550 mercatores,

290 2573 426 2656 quinon
441 2575 689 2641 intromiserunt
704 2598 739 2641 se
755 2578 794 2641 de
818 2597 950 2661 gwerra,
965 2573 1106 2640 habeant
1132 2574 1262 2657 plenam
1277 2575 1437 2638 actionem

290 2675 330 2738 sd
356 2680 612 2761 recuperandum
639 2680 867 2744 tantummodo
894 2678 1009 2742 catalla
1033 2699 1101 2753 sua,
1125 2675 1195 2738 sine
1222 2675 1439 2741 misericordia

290 2777 424 2841 Domini
440 2779 549 2863 Regis,
564 2801 623 2864 per
643 2781 747 2864 legem
768 2790 862 2844 terre.
908 2777 954 2841 Et
975 2777 1063 2861 quod
1079 2787 1172 2856 terre,
1187 2777 1305 2840 domus
1320 2787 1353 2842 et
1367 2779 1438 2842 red-

290 2878 389 2957 ditus,
405 2879 474 2962 squi
495 2880 561 2943 dati
577 2892 664 2960 sunt,
680 2891 745 2944 tam
769 2903 828 2966 per
843 2883 964 2963 Regem
981 2899 1077 2961 quam
1101 2900 1159 2962 per
1175 2878 1349 2959 Comitem,
1363 2891 1483 2965 postfo.
1496 2897 1585 2946 10390.

288 2982 470 3065 predictum
478 3003 641 3047 recessum
653 2983 791 3048 Comitis
803 2984 844 3048 de
854 2978 982 3056 Wallia,
991 2979 1125 3044 omnino
1137 2991 1337 3047 revocentur.
1359 2985 1438 3048 Dio-

289 3092 343 3147 tus
368 3104 445 3148 vero
473 3083 592 3148 Comes
617 3083 771 3170 obligavit
797 3109 832 3151 se
856 3095 1057 3151 sacramento
1081 3089 1229 3172 prestito,
1253 3091 1341 3174 quod
1370 3114 1437 3156 non

289 3185 434 3250 movebit
447 3207 600 3270 guerram
615 3209 727 3252 versus
739 3190 919 3254 Dominum
932 3191 1065 3274 Regem,
1075 3201 1109 3255 et
1122 3191 1198 3256 inde
1212 3191 1289 3256 fecit
1302 3192 1436 3275 litteras,

287 3299 321 3354 et
334 3289 461 3354 invenit
474 3289 597 3374 plegios
613 3290 674 3354 sub
690 3313 773 3375 pena
795 3293 907 3358 decem
929 3293 1066 3356 millium
1081 3315 1271 3360 marcarum.
1315 3297 1362 3360 Et
1375 3298 1436 3362 hec

286 3414 371 3478 pena
394 3391 504 3455 locum
530 3391 657 3470 hebeat,
672 3413 841 3478 quousque
868 3398 988 3462 sciatur
1013 3419 1032 3460 a
1058 3397 1203 3461 Domino
1227 3398 1325 3482 Papa,
1339 3400 1367 3463 si
1381 3401 1436 3465 illa

285 3517 371 3581 pens
394 3495 424 3559 ci
442 3494 606 3558 sufficiens
628 3495 788 3576 videatur,
812 3509 846 3563 et
872 3499 1025 3584 quicquid
1050 3499 1214 3564 Dominus
1230 3501 1318 3587 Papa
1338 3525 1435 3589 super

285 3599 348 3662 hoc
368 3596 575 3674 ordinaverit,
591 3596 696 3660 dictus
723 3597 842 3664 Comes
869 3610 999 3666 tenetur
1024 3599 1203 3666 observare.
1248 3605 1294 3668 Et
1308 3605 1367 3669 hec
1382 3628 1433 3672 cr-

285 3701 407 3766 dinstio
441 3698 539 3764 debet
566 3697 636 3764 fieri
665 3699 749 3763 infra
785 3704 906 3768 festum
938 3704 1175 3770 Purifioationis
1204 3705 1297 3773 beate
1327 3708 1432 3774 Maris

283 3803 431 3887 proximo
446 3811 630 3866 venturum.

324 3905 418 3969 Tunc
432 3905 587 3990 temporis
601 3907 724 3970 remisit
740 3907 902 3974 Dominus
915 3911 986 3975 Rex
1000 3912 1285 3977 Londonicnsibus
1301 3935 1431 3979 omnem

282 4007 400 4071 malam
415 4007 626 4088 voluntatem,
641 4031 737 4094 quam
752 4010 866 4076 habuit
886 4035 999 4078 versus
1025 4037 1081 4081 eos
1106 4015 1274 4080 occasione
1289 4017 1434 4100 predicta

282 4131 340 4195 per
354 4110 462 4173 literas
478 4132 552 4174 suas
564 4121 711 4194 putentes
727 4121 760 4176 et
775 4112 983 4200 subscriptas.
