<?xml version="1.0" encoding="UTF-8"?>
<!DOCTYPE html PUBLIC "-//W3C//DTD XHTML 1.0 Transitional//EN"
    "http://www.w3.org/TR/xhtml1/DTD/xhtml1-transitional.dtd">
<html xmlns="http://www.w3.org/1999/xhtml" xml:lang="en" lang="en">
 <head>
  <title>
</title>
<meta http-equiv="Content-Type" content="text/html;charset=utf-8" />
  <meta name='ocr-system' content='tesseract 3.04.00' />
  <meta name='ocr-capabilities' content='ocr_page ocr_carea ocr_par ocr_line ocrx_word'/>
</head>
<body>
  <div class='ocr_page' id='page_1' title='image "./deantiquislegib02fitzgoog_0406.png"; bbox 0 0 3930 5088; ppageno 0'>
   <div class='ocr_carea' id='block_1_1' title="bbox 547 635 1313 695">
    <p class='ocr_par' dir='ltr' id='par_1_1' title="bbox 547 635 1313 695">
     <span class='ocr_line' id='line_1_1' title="bbox 547 635 1313 695; baseline -0.014 0"><span class='ocrx_word' id='word_1_1' title='bbox 547 635 611 695; x_wconf 76' lang='lat'><strong>1³0</strong></span> <span class='ocrx_word' id='word_1_2' title='bbox 878 642 1041 688; x_wconf 75' lang='lat' dir='ltr'><strong>cnourcs</strong></span> <span class='ocrx_word' id='word_1_3' title='bbox 1065 641 1243 688; x_wconf 77' lang='lat' dir='ltr'><strong>usrosurr</strong></span> <span class='ocrx_word' id='word_1_4' title='bbox 1268 641 1313 685; x_wconf 83' lang='lat' dir='ltr'><strong>ar</strong></span> 
     </span>
    </p>
   </div>
   <div class='ocr_carea' id='block_1_2' title="bbox 308 790 1693 4053">
    <p class='ocr_par' dir='ltr' id='par_1_2' title="bbox 308 790 1693 4053">
     <span class='ocr_line' id='line_1_2' title="bbox 542 790 1693 885; baseline -0.007 -22"><span class='ocrx_word' id='word_1_5' title='bbox 542 797 743 885; x_wconf 85' lang='lat' dir='ltr'><strong>gregationea</strong></span> <span class='ocrx_word' id='word_1_6' title='bbox 758 795 879 882; x_wconf 80' lang='lat' dir='ltr'><strong>aliquas</strong></span> <span class='ocrx_word' id='word_1_7' title='bbox 894 793 1053 873; x_wconf 81' lang='lat' dir='ltr'><strong>faciendo,</strong></span> <span class='ocrx_word' id='word_1_8' title='bbox 1062 793 1103 858; x_wconf 89' lang='lat' dir='ltr'><strong>de</strong></span> <span class='ocrx_word' id='word_1_9' title='bbox 1118 801 1225 857; x_wconf 89' lang='lat' dir='ltr'><strong>cetero</strong></span> <span class='ocrx_word' id='word_1_10' title='bbox 1237 791 1413 857; x_wconf 77' lang='lat' dir='ltr'><strong>Civitatem</strong></span> <span class='ocrx_word' id='word_1_11' title='bbox 1426 790 1605 876; x_wconf 85' lang='lat' dir='ltr'><strong>predictam</strong></span> <span class='ocrx_word' id='word_1_12' title='bbox 1619 791 1693 856; x_wconf 90' lang='lat' dir='ltr'><strong>nul·</strong></span> 
     </span>
     <span class='ocr_line' id='line_1_3' title="bbox 541 895 1693 985; baseline -0.006 -18"><span class='ocrx_word' id='word_1_13' title='bbox 541 903 669 967; x_wconf 85' lang='lat' dir='ltr'><strong>latenus</strong></span> <span class='ocrx_word' id='word_1_14' title='bbox 695 907 879 985; x_wconf 75' lang='lat' dir='ltr'>receptetur</span> <span class='ocrx_word' id='word_1_15' title='bbox 908 919 966 963; x_wconf 89' lang='lat' dir='ltr'><strong>seu</strong></span> <span class='ocrx_word' id='word_1_16' title='bbox 995 918 1067 962; x_wconf 85' lang='lat' dir='ltr'><strong>eam</strong></span> <span class='ocrx_word' id='word_1_17' title='bbox 1095 895 1303 982; x_wconf 74' lang='lat' dir='ltr'><strong>ingrediatur.</strong></span> <span class='ocrx_word' id='word_1_18' title='bbox 1347 895 1403 974; x_wconf 85' lang='lat' dir='ltr'><strong>Et,</strong></span> <span class='ocrx_word' id='word_1_19' title='bbox 1431 895 1574 980; x_wconf 75' lang='lat' dir='ltr'>insuper,</span> <span class='ocrx_word' id='word_1_20' title='bbox 1603 895 1693 980; x_wconf 90' lang='lat' dir='ltr'><strong>quod</strong></span> 
     </span>
     <span class='ocr_line' id='line_1_4' title="bbox 542 997 1692 1089; baseline -0.005 -20"><span class='ocrx_word' id='word_1_21' title='bbox 542 1003 652 1069; x_wconf 90' lang='lat' dir='ltr'><strong>nullus</strong></span> <span class='ocrx_word' id='word_1_22' title='bbox 667 1024 801 1089; x_wconf 85' lang='lat' dir='ltr'><strong>magnas</strong></span> <span class='ocrx_word' id='word_1_23' title='bbox 817 1001 938 1066; x_wconf 85' lang='lat' dir='ltr'><strong>Comes</strong></span> <span class='ocrx_word' id='word_1_24' title='bbox 952 1000 1006 1064; x_wconf 88' lang='lat' dir='ltr'><strong>rel</strong></span> <span class='ocrx_word' id='word_1_25' title='bbox 1025 999 1123 1078; x_wconf 88' lang='lat' dir='ltr'><strong>Baro,</strong></span> <span class='ocrx_word' id='word_1_26' title='bbox 1138 999 1323 1084; x_wconf 84' lang='lat' dir='ltr'><strong>quicunque</strong></span> <span class='ocrx_word' id='word_1_27' title='bbox 1336 998 1445 1078; x_wconf 82' lang='lat' dir='ltr'><strong>fuerit,</strong></span> <span class='ocrx_word' id='word_1_28' title='bbox 1470 998 1554 1063; x_wconf 81' lang='lat' dir='ltr'><strong>infra</strong></span> <span class='ocrx_word' id='word_1_29' title='bbox 1568 997 1692 1064; x_wconf 84' lang='lat' dir='ltr'><strong>Civita-</strong></span> 
     </span>
     <span class='ocr_line' id='line_1_5' title="bbox 542 1098 1692 1190; baseline -0.005 -20"><span class='ocrx_word' id='word_1_30' title='bbox 542 1114 610 1171; x_wconf 93' lang='lat' dir='ltr'><strong>tem</strong></span> <span class='ocrx_word' id='word_1_31' title='bbox 624 1103 803 1190; x_wconf 83' lang='lat' dir='ltr'><strong>predictam</strong></span> <span class='ocrx_word' id='word_1_32' title='bbox 823 1101 1008 1166; x_wconf 89' lang='lat' dir='ltr'><strong>nullatenus</strong></span> <span class='ocrx_word' id='word_1_33' title='bbox 1022 1109 1217 1186; x_wconf 85' lang='lat' dir='ltr'><strong>receptetur,</strong></span> <span class='ocrx_word' id='word_1_34' title='bbox 1237 1120 1295 1164; x_wconf 87' lang='lat' dir='ltr'><strong>seu</strong></span> <span class='ocrx_word' id='word_1_35' title='bbox 1309 1121 1381 1165; x_wconf 87' lang='lat' dir='ltr'><strong>eam</strong></span> <span class='ocrx_word' id='word_1_36' title='bbox 1394 1099 1602 1184; x_wconf 74' lang='lat' dir='ltr'><strong>ingrediatur,</strong></span> <span class='ocrx_word' id='word_1_37' title='bbox 1616 1098 1692 1164; x_wconf 89' lang='lat' dir='ltr'><strong>abs-</strong></span> 
     </span>
     <span class='ocr_line' id='line_1_6' title="bbox 542 1199 1690 1292; baseline -0.006 -19"><span class='ocrx_word' id='word_1_38' title='bbox 542 1228 605 1292; x_wconf 89' lang='lat' dir='ltr'><strong>que</strong></span> <span class='ocrx_word' id='word_1_39' title='bbox 629 1206 781 1270; x_wconf 85' lang='lat' dir='ltr'><strong>mandato</strong></span> <span class='ocrx_word' id='word_1_40' title='bbox 803 1203 923 1268; x_wconf 87' lang='lat' dir='ltr'><strong>nostris</strong></span> <span class='ocrx_word' id='word_1_41' title='bbox 949 1202 1090 1289; x_wconf 83' lang='lat' dir='ltr'><strong>speciali.</strong></span> <span class='ocrx_word' id='word_1_42' title='bbox 1134 1201 1180 1266; x_wconf 82' lang='lat' dir='ltr'><strong>Et</strong></span> <span class='ocrx_word' id='word_1_43' title='bbox 1193 1201 1337 1286; x_wconf 91' lang='lat' dir='ltr'><strong>insuper,</strong></span> <span class='ocrx_word' id='word_1_44' title='bbox 1351 1201 1439 1286; x_wconf 91' lang='lat' dir='ltr'><strong>quod</strong></span> <span class='ocrx_word' id='word_1_45' title='bbox 1454 1199 1562 1264; x_wconf 91' lang='lat' dir='ltr'><strong>nullus</strong></span> <span class='ocrx_word' id='word_1_46' title='bbox 1576 1222 1690 1287; x_wconf 85' lang='lat' dir='ltr'><strong>equus,</strong></span> 
     </span>
     <span class='ocr_line' id='line_1_7' title="bbox 542 1300 1691 1394; baseline -0.003 -21"><span class='ocrx_word' id='word_1_47' title='bbox 542 1307 598 1392; x_wconf 90' lang='lat' dir='ltr'><strong>qui</strong></span> <span class='ocrx_word' id='word_1_48' title='bbox 611 1308 753 1394; x_wconf 83' lang='lat' dir='ltr'><strong>pretium</strong></span> <span class='ocrx_word' id='word_1_49' title='bbox 767 1315 899 1371; x_wconf 86' lang='lat' dir='ltr'><strong>centum</strong></span> <span class='ocrx_word' id='word_1_50' title='bbox 915 1304 1093 1370; x_wconf 91' lang='lat' dir='ltr'><strong>solidorum</strong></span> <span class='ocrx_word' id='word_1_51' title='bbox 1103 1301 1241 1382; x_wconf 86' lang='lat' dir='ltr'><strong>excedit,</strong></span> <span class='ocrx_word' id='word_1_52' title='bbox 1255 1302 1431 1366; x_wconf 78' lang='lat' dir='ltr'><strong>retineatsu</strong></span> <span class='ocrx_word' id='word_1_53' title='bbox 1439 1300 1480 1367; x_wconf 95' lang='lat' dir='ltr'><strong>ab</strong></span> <span class='ocrx_word' id='word_1_54' title='bbox 1489 1301 1597 1389; x_wconf 90' lang='lat' dir='ltr'><strong>aliquo</strong></span> <span class='ocrx_word' id='word_1_55' title='bbox 1607 1304 1691 1369; x_wconf 74' lang='lat' dir='ltr'><strong>inira</strong></span> 
     </span>
     <span class='ocr_line' id='line_1_8' title="bbox 541 1406 1690 1490; baseline -0.005 -14"><span class='ocrx_word' id='word_1_56' title='bbox 541 1411 677 1476; x_wconf 86' lang='lat' dir='ltr'><strong>eandem</strong></span> <span class='ocrx_word' id='word_1_57' title='bbox 693 1409 879 1475; x_wconf 73' lang='lat' dir='ltr'><strong>Civitatem.</strong></span> <span class='ocrx_word' id='word_1_58' title='bbox 923 1408 969 1472; x_wconf 82' lang='lat' dir='ltr'><strong>Et</strong></span> <span class='ocrx_word' id='word_1_59' title='bbox 993 1406 1092 1472; x_wconf 88' lang='lat' dir='ltr'><strong>etiam</strong></span> <span class='ocrx_word' id='word_1_60' title='bbox 1111 1406 1200 1490; x_wconf 92' lang='lat' dir='ltr'><strong>quod</strong></span> <span class='ocrx_word' id='word_1_61' title='bbox 1214 1427 1328 1471; x_wconf 89' lang='lat' dir='ltr'><strong>omnes</strong></span> <span class='ocrx_word' id='word_1_62' title='bbox 1342 1414 1503 1471; x_wconf 84' lang='lat' dir='ltr'><strong>armature</strong></span> <span class='ocrx_word' id='word_1_63' title='bbox 1517 1406 1690 1490; x_wconf 89' lang='lat' dir='ltr'><strong>cujuscun-</strong></span> 
     </span>
     <span class='ocr_line' id='line_1_9' title="bbox 541 1507 1689 1598; baseline -0.003 -21"><span class='ocrx_word' id='word_1_64' title='bbox 541 1535 604 1598; x_wconf 90' lang='lat' dir='ltr'><strong>que</strong></span> <span class='ocrx_word' id='word_1_65' title='bbox 625 1512 734 1590; x_wconf 82' lang='lat' dir='ltr'><strong>fuerit,</strong></span> <span class='ocrx_word' id='word_1_66' title='bbox 759 1509 889 1574; x_wconf 87' lang='lat' dir='ltr'><strong>maioris</strong></span> <span class='ocrx_word' id='word_1_67' title='bbox 902 1509 956 1574; x_wconf 87' lang='lat' dir='ltr'><strong>vel</strong></span> <span class='ocrx_word' id='word_1_68' title='bbox 977 1508 1123 1586; x_wconf 90' lang='lat' dir='ltr'><strong>minoris,</strong></span> <span class='ocrx_word' id='word_1_69' title='bbox 1146 1529 1283 1594; x_wconf 87' lang='lat' dir='ltr'><strong>perros</strong></span> <span class='ocrx_word' id='word_1_70' title='bbox 1305 1507 1487 1588; x_wconf 80' lang='lat' dir='ltr'><strong>videantur,</strong></span> <span class='ocrx_word' id='word_1_71' title='bbox 1509 1517 1543 1573; x_wconf 90' lang='lat' dir='ltr'><strong>et</strong></span> <span class='ocrx_word' id='word_1_72' title='bbox 1566 1509 1640 1587; x_wconf 92' lang='lat' dir='ltr'><strong>illis,</strong></span> <span class='ocrx_word' id='word_1_73' title='bbox 1653 1509 1689 1573; x_wconf 91' lang='lat' dir='ltr'><strong>in</strong></span> 
     </span>
     <span class='ocr_line' id='line_1_10' title="bbox 541 1609 1689 1700; baseline -0.002 -21"><span class='ocrx_word' id='word_1_74' title='bbox 541 1635 680 1700; x_wconf 90' lang='lat' dir='ltr'><strong>quorum</strong></span> <span class='ocrx_word' id='word_1_75' title='bbox 695 1610 845 1678; x_wconf 88' lang='lat' dir='ltr'><strong>manibus</strong></span> <span class='ocrx_word' id='word_1_76' title='bbox 860 1619 1021 1676; x_wconf 66' lang='lat' dir='ltr'><strong>moratura</strong></span> <span class='ocrx_word' id='word_1_77' title='bbox 1039 1609 1094 1675; x_wconf 90' lang='lat' dir='ltr'><strong>ille</strong></span> <span class='ocrx_word' id='word_1_78' title='bbox 1108 1609 1303 1689; x_wconf 87' lang='lat' dir='ltr'><strong>consistunt,</strong></span> <span class='ocrx_word' id='word_1_79' title='bbox 1318 1610 1487 1676; x_wconf 77' lang='lat' dir='ltr'><strong>uadmtur</strong></span> <span class='ocrx_word' id='word_1_80' title='bbox 1499 1611 1689 1696; x_wconf 88' lang='lat' dir='ltr'><strong>hujusmodi</strong></span> 
     </span>
     <span class='ocr_line' id='line_1_11' title="bbox 540 1712 1688 1802; baseline -0.003 -20"><span class='ocrx_word' id='word_1_81' title='bbox 540 1725 701 1782; x_wconf 85' lang='lat' dir='ltr'><strong>armature</strong></span> <span class='ocrx_word' id='word_1_82' title='bbox 715 1737 774 1802; x_wconf 87' lang='lat' dir='ltr'><strong>per</strong></span> <span class='ocrx_word' id='word_1_83' title='bbox 787 1713 908 1780; x_wconf 87' lang='lat' dir='ltr'><strong>bonam</strong></span> <span class='ocrx_word' id='word_1_84' title='bbox 919 1712 1137 1791; x_wconf 87' lang='lat' dir='ltr'><strong>securitatem,</strong></span> <span class='ocrx_word' id='word_1_85' title='bbox 1150 1713 1196 1776; x_wconf 90' lang='lat' dir='ltr'><strong>ita</strong></span> <span class='ocrx_word' id='word_1_86' title='bbox 1210 1712 1298 1797; x_wconf 93' lang='lat' dir='ltr'><strong>quod</strong></span> <span class='ocrx_word' id='word_1_87' title='bbox 1312 1712 1376 1799; x_wconf 86' lang='lat' dir='ltr'><strong>ipsi</strong></span> <span class='ocrx_word' id='word_1_88' title='bbox 1386 1733 1441 1778; x_wconf 86' lang='lat' dir='ltr'><strong>eas</strong></span> <span class='ocrx_word' id='word_1_89' title='bbox 1449 1723 1541 1778; x_wconf 83' lang='lat' dir='ltr'><strong>extra</strong></span> <span class='ocrx_word' id='word_1_90' title='bbox 1554 1735 1688 1779; x_wconf 82' lang='lat' dir='ltr'><strong>manum</strong></span> 
     </span>
     <span class='ocr_line' id='line_1_12' title="bbox 541 1815 1688 1904; baseline -0.003 -20"><span class='ocrx_word' id='word_1_91' title='bbox 541 1841 634 1884; x_wconf 88' lang='lat' dir='ltr'><strong>suam</strong></span> <span class='ocrx_word' id='word_1_92' title='bbox 648 1840 715 1883; x_wconf 95' lang='lat' dir='ltr'><strong>non</strong></span> <span class='ocrx_word' id='word_1_93' title='bbox 730 1827 855 1904; x_wconf 89' lang='lat' dir='ltr'><strong>ponant</strong></span> <span class='ocrx_word' id='word_1_94' title='bbox 863 1842 873 1896; x_wconf 81' lang='lat'>3</span> <span class='ocrx_word' id='word_1_95' title='bbox 895 1816 1008 1896; x_wconf 89' lang='lat' dir='ltr'><strong>immo,</strong></span> <span class='ocrx_word' id='word_1_96' title='bbox 1023 1815 1070 1880; x_wconf 90' lang='lat' dir='ltr'><strong>eis</strong></span> <span class='ocrx_word' id='word_1_97' title='bbox 1085 1815 1175 1880; x_wconf 83' lang='lat' dir='ltr'><strong>salvo</strong></span> <span class='ocrx_word' id='word_1_98' title='bbox 1190 1815 1375 1881; x_wconf 68' lang='lat' dir='ltr'><strong>custodiant</strong></span> <span class='ocrx_word' id='word_1_99' title='bbox 1385 1815 1427 1880; x_wconf 92' lang='lat' dir='ltr'><strong>ad</strong></span> <span class='ocrx_word' id='word_1_100' title='bbox 1441 1837 1525 1902; x_wconf 84' lang='lat' dir='ltr'><strong>opus</strong></span> <span class='ocrx_word' id='word_1_101' title='bbox 1539 1825 1688 1880; x_wconf 87' lang='lat' dir='ltr'><strong>nostrum</strong></span> 
     </span>
     <span class='ocr_line' id='line_1_13' title="bbox 535 1917 1688 2007; baseline -0.003 -21"><span class='ocrx_word' id='word_1_102' title='bbox 535 1923 631 2007; x_wconf 84' lang='lat' dir='ltr'><strong>juxta</strong></span> <span class='ocrx_word' id='word_1_103' title='bbox 644 1918 833 1985; x_wconf 74' lang='lat' dir='ltr'><strong>rationabile</strong></span> <span class='ocrx_word' id='word_1_104' title='bbox 856 1919 997 2005; x_wconf 87' lang='lat' dir='ltr'><strong>pretium</strong></span> <span class='ocrx_word' id='word_1_105' title='bbox 1009 1917 1208 1986; x_wconf 66' lang='lat' dir='ltr'><strong>eorumdem</strong></span> <span class='ocrx_word' id='word_1_106' title='bbox 1227 1939 1287 2004; x_wconf 93' lang='lat' dir='ltr'><strong>per</strong></span> <span class='ocrx_word' id='word_1_107' title='bbox 1300 1939 1361 1984; x_wconf 83' lang='lat' dir='ltr'><strong>vos</strong></span> <span class='ocrx_word' id='word_1_108' title='bbox 1375 1917 1598 1997; x_wconf 85' lang='lat' dir='ltr'><strong>assidendum,</strong></span> <span class='ocrx_word' id='word_1_109' title='bbox 1612 1918 1688 1983; x_wconf 77' lang='lat' dir='ltr'><strong>cum</strong></span> 
     </span>
     <span class='ocr_line' id='line_1_14' title="bbox 539 2019 1689 2107; baseline -0.003 -18"><span class='ocrx_word' id='word_1_110' title='bbox 539 2023 710 2089; x_wconf 86' lang='lat' dir='ltr'><strong>armaturis</strong></span> <span class='ocrx_word' id='word_1_111' title='bbox 733 2022 797 2085; x_wconf 91' lang='lat' dir='ltr'><strong>illis</strong></span> <span class='ocrx_word' id='word_1_112' title='bbox 815 2021 1059 2107; x_wconf 84' lang='lat' dir='ltr'><strong>indiguerimus,</strong></span> <span class='ocrx_word' id='word_1_113' title='bbox 1073 2030 1107 2086; x_wconf 90' lang='lat' dir='ltr'><strong>et</strong></span> <span class='ocrx_word' id='word_1_114' title='bbox 1121 2020 1209 2106; x_wconf 92' lang='lat' dir='ltr'><strong>quod</strong></span> <span class='ocrx_word' id='word_1_115' title='bbox 1229 2041 1361 2106; x_wconf 87' lang='lat' dir='ltr'><strong>perros</strong></span> <span class='ocrx_word' id='word_1_116' title='bbox 1376 2019 1502 2085; x_wconf 83' lang='lat' dir='ltr'><strong>cautius</strong></span> <span class='ocrx_word' id='word_1_117' title='bbox 1516 2031 1689 2102; x_wconf 77' lang='lat' dir='ltr'><strong>scrutetur,</strong></span> 
     </span>
     <span class='ocr_line' id='line_1_15' title="bbox 541 2123 1689 2209; baseline 0 -19"><span class='ocrx_word' id='word_1_118' title='bbox 541 2124 599 2190; x_wconf 89' lang='lat' dir='ltr'><strong>ubi</strong></span> <span class='ocrx_word' id='word_1_119' title='bbox 614 2125 696 2190; x_wconf 91' lang='lat' dir='ltr'><strong>etin</strong></span> <span class='ocrx_word' id='word_1_120' title='bbox 711 2145 850 2209; x_wconf 90' lang='lat' dir='ltr'><strong>quorum</strong></span> <span class='ocrx_word' id='word_1_121' title='bbox 861 2123 1011 2189; x_wconf 89' lang='lat' dir='ltr'><strong>manibus</strong></span> <span class='ocrx_word' id='word_1_122' title='bbox 1026 2133 1186 2189; x_wconf 86' lang='lat' dir='ltr'><strong>armature</strong></span> <span class='ocrx_word' id='word_1_123' title='bbox 1200 2123 1255 2189; x_wconf 91' lang='lat' dir='ltr'><strong>ille</strong></span> <span class='ocrx_word' id='word_1_124' title='bbox 1269 2131 1425 2208; x_wconf 88' lang='lat' dir='ltr'><strong>poterunt</strong></span> <span class='ocrx_word' id='word_1_125' title='bbox 1438 2123 1586 2188; x_wconf 85' lang='lat' dir='ltr'><strong>inveniri.</strong></span> <span class='ocrx_word' id='word_1_126' title='bbox 1609 2125 1689 2190; x_wconf 89' lang='lat' dir='ltr'><strong>Pro·</strong></span> 
     </span>
     <span class='ocr_line' id='line_1_16' title="bbox 538 2225 1687 2312; baseline -0.001 -20"><span class='ocrx_word' id='word_1_127' title='bbox 538 2228 680 2292; x_wconf 81' lang='lat' dir='ltr'><strong>vidimus</strong></span> <span class='ocrx_word' id='word_1_128' title='bbox 694 2226 829 2311; x_wconf 80' lang='lat' dir='ltr'><strong>insuper</strong></span> <span class='ocrx_word' id='word_1_129' title='bbox 842 2227 931 2312; x_wconf 92' lang='lat' dir='ltr'><strong>quod</strong></span> <span class='ocrx_word' id='word_1_130' title='bbox 942 2248 1056 2292; x_wconf 84' lang='lat' dir='ltr'><strong>omncs</strong></span> <span class='ocrx_word' id='word_1_131' title='bbox 1065 2225 1192 2291; x_wconf 89' lang='lat' dir='ltr'><strong>banniti</strong></span> <span class='ocrx_word' id='word_1_132' title='bbox 1200 2249 1220 2292; x_wconf 83' lang='lat' dir='ltr'><strong>a</strong></span> <span class='ocrx_word' id='word_1_133' title='bbox 1229 2226 1369 2292; x_wconf 77' lang='lat' dir='ltr'><strong>Ciuitate</strong></span> <span class='ocrx_word' id='word_1_134' title='bbox 1377 2226 1532 2312; x_wconf 85' lang='lat' dir='ltr'><strong>predicta,</strong></span> <span class='ocrx_word' id='word_1_135' title='bbox 1543 2227 1687 2312; x_wconf 79' lang='lat' dir='ltr'><strong>predicta</strong></span> 
     </span>
     <span class='ocr_line' id='line_1_17' title="bbox 539 2327 1688 2415; baseline -0.002 -18"><span class='ocrx_word' id='word_1_136' title='bbox 539 2331 638 2398; x_wconf 85' lang='lat' dir='ltr'><strong>etiam</strong></span> <span class='ocrx_word' id='word_1_137' title='bbox 652 2330 680 2394; x_wconf 93' lang='lat' dir='ltr'><strong>si</strong></span> <span class='ocrx_word' id='word_1_138' title='bbox 693 2329 815 2395; x_wconf 81' lang='lat' dir='ltr'><strong>fuerint</strong></span> <span class='ocrx_word' id='word_1_139' title='bbox 828 2329 862 2393; x_wconf 92' lang='lat' dir='ltr'><strong>in</strong></span> <span class='ocrx_word' id='word_1_140' title='bbox 877 2328 980 2415; x_wconf 86' lang='lat' dir='ltr'><strong>burgo</strong></span> <span class='ocrx_word' id='word_1_141' title='bbox 1000 2329 1041 2395; x_wconf 93' lang='lat' dir='ltr'><strong>de</strong></span> <span class='ocrx_word' id='word_1_142' title='bbox 1056 2329 1200 2409; x_wconf 83' lang='lat' dir='ltr'><strong>Suwerlr‚</strong></span> <span class='ocrx_word' id='word_1_143' title='bbox 1213 2329 1267 2392; x_wconf 87' lang='lat' dir='ltr'><strong>rel</strong></span> <span class='ocrx_word' id='word_1_144' title='bbox 1284 2327 1368 2393; x_wconf 85' lang='lat' dir='ltr'><strong>iulra</strong></span> <span class='ocrx_word' id='word_1_145' title='bbox 1381 2328 1562 2395; x_wconf 80' lang='lat' dir='ltr'><strong>libertatem</strong></span> <span class='ocrx_word' id='word_1_146' title='bbox 1578 2329 1688 2395; x_wconf 89' lang='lat' dir='ltr'><strong>West-</strong></span> 
     </span>
     <span class='ocr_line' id='line_1_18' title="bbox 539 2430 1689 2517; baseline -0.001 -20"><span class='ocrx_word' id='word_1_147' title='bbox 539 2431 737 2512; x_wconf 89' lang='lat' dir='ltr'><strong>monasterii,</strong></span> <span class='ocrx_word' id='word_1_148' title='bbox 752 2431 804 2497; x_wconf 87' lang='lat' dir='ltr'><strong>vel</strong></span> <span class='ocrx_word' id='word_1_149' title='bbox 818 2431 917 2496; x_wconf 86' lang='lat' dir='ltr'><strong>etism</strong></span> <span class='ocrx_word' id='word_1_150' title='bbox 931 2431 965 2496; x_wconf 91' lang='lat' dir='ltr'><strong>in</strong></span> <span class='ocrx_word' id='word_1_151' title='bbox 981 2430 1137 2497; x_wconf 87' lang='lat' dir='ltr'><strong>suburbio</strong></span> <span class='ocrx_word' id='word_1_152' title='bbox 1151 2431 1298 2517; x_wconf 83' lang='lat' dir='ltr'><strong>ejusdem</strong></span> <span class='ocrx_word' id='word_1_153' title='bbox 1313 2431 1475 2512; x_wconf 81' lang='lat' dir='ltr'><strong>Civitatis,</strong></span> <span class='ocrx_word' id='word_1_154' title='bbox 1490 2453 1549 2496; x_wconf 85' lang='lat' dir='ltr'><strong>seu</strong></span> <span class='ocrx_word' id='word_1_155' title='bbox 1563 2431 1639 2497; x_wconf 88' lang='lat' dir='ltr'><strong>alibi</strong></span> <span class='ocrx_word' id='word_1_156' title='bbox 1653 2431 1689 2496; x_wconf 91' lang='lat' dir='ltr'><strong>in</strong></span> 
     </span>
     <span class='ocr_line' id='line_1_19' title="bbox 539 2534 1689 2622; baseline -0.002 -20"><span class='ocrx_word' id='word_1_157' title='bbox 539 2536 708 2602; x_wconf 82' lang='lat' dir='ltr'><strong>Comisstu</strong></span> <span class='ocrx_word' id='word_1_158' title='bbox 722 2535 949 2616; x_wconf 85' lang='lat' dir='ltr'><strong>Middelssxie,</strong></span> <span class='ocrx_word' id='word_1_159' title='bbox 964 2537 1005 2602; x_wconf 92' lang='lat' dir='ltr'><strong>de</strong></span> <span class='ocrx_word' id='word_1_160' title='bbox 1020 2535 1138 2622; x_wconf 90' lang='lat' dir='ltr'><strong>quibus</strong></span> <span class='ocrx_word' id='word_1_161' title='bbox 1154 2536 1284 2601; x_wconf 86' lang='lat' dir='ltr'><strong>sinistra</strong></span> <span class='ocrx_word' id='word_1_162' title='bbox 1298 2534 1440 2620; x_wconf 89' lang='lat' dir='ltr'><strong>suspicio</strong></span> <span class='ocrx_word' id='word_1_163' title='bbox 1454 2535 1626 2602; x_wconf 89' lang='lat' dir='ltr'><strong>haberetur</strong></span> <span class='ocrx_word' id='word_1_164' title='bbox 1635 2535 1689 2601; x_wconf 88' lang='lat' dir='ltr'><strong>rel</strong></span> 
     </span>
     <span class='ocr_line' id='line_1_20' title="bbox 537 2638 1687 2726; baseline -0.002 -20"><span class='ocrx_word' id='word_1_165' title='bbox 537 2639 649 2706; x_wconf 89' lang='lat' dir='ltr'><strong>haberi</strong></span> <span class='ocrx_word' id='word_1_166' title='bbox 663 2639 794 2726; x_wconf 92' lang='lat' dir='ltr'><strong>poterit,</strong></span> <span class='ocrx_word' id='word_1_167' title='bbox 808 2638 977 2725; x_wconf 83' lang='lat' dir='ltr'><strong>capiantur</strong></span> <span class='ocrx_word' id='word_1_168' title='bbox 995 2661 1051 2705; x_wconf 87' lang='lat' dir='ltr'><strong>seu</strong></span> <span class='ocrx_word' id='word_1_169' title='bbox 1076 2648 1268 2718; x_wconf 85' lang='lat' dir='ltr'><strong>arestentur,</strong></span> <span class='ocrx_word' id='word_1_170' title='bbox 1287 2647 1322 2704; x_wconf 88' lang='lat' dir='ltr'><strong>et</strong></span> <span class='ocrx_word' id='word_1_171' title='bbox 1338 2638 1428 2703; x_wconf 80' lang='lat' dir='ltr'><strong>salvo</strong></span> <span class='ocrx_word' id='word_1_172' title='bbox 1454 2638 1687 2718; x_wconf 70' lang='lat' dir='ltr'><strong>custodiantur,</strong></span> 
     </span>
     <span class='ocr_line' id='line_1_21' title="bbox 537 2739 1688 2829; baseline -0.001 -22"><span class='ocrx_word' id='word_1_173' title='bbox 537 2743 643 2809; x_wconf 82' lang='lat' dir='ltr'><strong>donec</strong></span> <span class='ocrx_word' id='word_1_174' title='bbox 658 2741 745 2808; x_wconf 84' lang='lat' dir='ltr'><strong>aliud</strong></span> <span class='ocrx_word' id='word_1_175' title='bbox 754 2742 831 2808; x_wconf 87' lang='lat' dir='ltr'><strong>inde</strong></span> <span class='ocrx_word' id='word_1_176' title='bbox 840 2743 1090 2829; x_wconf 82' lang='lat' dir='ltr'><strong>perceperimus.</strong></span> <span class='ocrx_word' id='word_1_177' title='bbox 1133 2743 1180 2807; x_wconf 88' lang='lat' dir='ltr'><strong>Et</strong></span> <span class='ocrx_word' id='word_1_178' title='bbox 1202 2742 1276 2806; x_wconf 90' lang='lat' dir='ltr'><strong>ideo</strong></span> <span class='ocrx_word' id='word_1_179' title='bbox 1289 2739 1384 2808; x_wconf 86' lang='lat' dir='ltr'><strong>vobis</strong></span> <span class='ocrx_word' id='word_1_180' title='bbox 1393 2739 1584 2806; x_wconf 84' lang='lat' dir='ltr'><strong>mandamus</strong></span> <span class='ocrx_word' id='word_1_181' title='bbox 1599 2741 1688 2826; x_wconf 92' lang='lat' dir='ltr'><strong>quod</strong></span> 
     </span>
     <span class='ocr_line' id='line_1_22' title="bbox 536 2842 1687 2932; baseline -0.003 -20"><span class='ocrx_word' id='word_1_182' title='bbox 536 2846 694 2932; x_wconf 86' lang='lat' dir='ltr'><strong>premissa</strong></span> <span class='ocrx_word' id='word_1_183' title='bbox 716 2847 826 2912; x_wconf 89' lang='lat' dir='ltr'><strong>omnia</strong></span> <span class='ocrx_word' id='word_1_184' title='bbox 849 2856 917 2911; x_wconf 84' lang='lat' dir='ltr'><strong>tam</strong></span> <span class='ocrx_word' id='word_1_185' title='bbox 941 2846 1084 2926; x_wconf 86' lang='lat' dir='ltr'><strong>viriliter,</strong></span> <span class='ocrx_word' id='word_1_186' title='bbox 1105 2844 1244 2911; x_wconf 90' lang='lat' dir='ltr'><strong>fideliter</strong></span> <span class='ocrx_word' id='word_1_187' title='bbox 1266 2853 1300 2910; x_wconf 90' lang='lat' dir='ltr'><strong>et</strong></span> <span class='ocrx_word' id='word_1_188' title='bbox 1316 2842 1485 2928; x_wconf 83' lang='lat' dir='ltr'><strong>diligenter</strong></span> <span class='ocrx_word' id='word_1_189' title='bbox 1503 2842 1546 2908; x_wconf 85' lang='lat' dir='ltr'><strong>ad</strong></span> <span class='ocrx_word' id='word_1_190' title='bbox 1568 2843 1687 2908; x_wconf 87' lang='lat' dir='ltr'><strong>securi·</strong></span> 
     </span>
     <span class='ocr_line' id='line_1_23' title="bbox 536 2943 1686 3030; baseline -0.003 -17"><span class='ocrx_word' id='word_1_191' title='bbox 536 2958 637 3015; x_wconf 86' lang='lat' dir='ltr'><strong>tatem</strong></span> <span class='ocrx_word' id='word_1_192' title='bbox 652 2959 689 3015; x_wconf 89' lang='lat' dir='ltr'><strong>et&#39;</strong></span> <span class='ocrx_word' id='word_1_193' title='bbox 700 2950 857 3014; x_wconf 90' lang='lat' dir='ltr'><strong>honorem</strong></span> <span class='ocrx_word' id='word_1_194' title='bbox 877 2959 1022 3015; x_wconf 89' lang='lat' dir='ltr'><strong>nostram</strong></span> <span class='ocrx_word' id='word_1_195' title='bbox 1045 2958 1080 3013; x_wconf 90' lang='lat' dir='ltr'><strong>et</strong></span> <span class='ocrx_word' id='word_1_196' title='bbox 1100 2958 1241 3014; x_wconf 83' lang='lat' dir='ltr'><strong>vestram</strong></span> <span class='ocrx_word' id='word_1_197' title='bbox 1263 2943 1477 3030; x_wconf 85' lang='lat' dir='ltr'><strong>exequsmini,</strong></span> <span class='ocrx_word' id='word_1_198' title='bbox 1500 2944 1588 3030; x_wconf 90' lang='lat' dir='ltr'><strong>quod</strong></span> <span class='ocrx_word' id='word_1_199' title='bbox 1610 2965 1686 3030; x_wconf 91' lang='lat' dir='ltr'><strong>pro-</strong></span> 
     </span>
     <span class='ocr_line' id='line_1_24' title="bbox 536 3047 1685 3137; baseline -0.004 -21"><span class='ocrx_word' id='word_1_200' title='bbox 536 3050 684 3132; x_wconf 84' lang='lat' dir='ltr'><strong>bitatem,</strong></span> <span class='ocrx_word' id='word_1_201' title='bbox 708 3051 908 3137; x_wconf 83' lang='lat' dir='ltr'><strong>diligentiam</strong></span> <span class='ocrx_word' id='word_1_202' title='bbox 930 3062 964 3116; x_wconf 88' lang='lat' dir='ltr'><strong>et</strong></span> <span class='ocrx_word' id='word_1_203' title='bbox 988 3050 1181 3115; x_wconf 81' lang='lat' dir='ltr'><strong>industriam</strong></span> <span class='ocrx_word' id='word_1_204' title='bbox 1208 3058 1350 3115; x_wconf 82' lang='lat' dir='ltr'><strong>vestram</strong></span> <span class='ocrx_word' id='word_1_205' title='bbox 1375 3047 1492 3113; x_wconf 86' lang='lat' dir='ltr'><strong>exinde</strong></span> <span class='ocrx_word' id='word_1_206' title='bbox 1520 3047 1685 3132; x_wconf 89' lang='lat' dir='ltr'><strong>perpetuis</strong></span> 
     </span>
     <span class='ocr_line' id='line_1_25' title="bbox 536 3150 1688 3240; baseline -0.005 -21"><span class='ocrx_word' id='word_1_207' title='bbox 536 3154 738 3240; x_wconf 90' lang='lat' dir='ltr'><strong>temporibus</strong></span> <span class='ocrx_word' id='word_1_208' title='bbox 776 3153 1001 3218; x_wconf 85' lang='lat' dir='ltr'><strong>commendare</strong></span> <span class='ocrx_word' id='word_1_209' title='bbox 1035 3151 1221 3218; x_wconf 82' lang='lat' dir='ltr'><strong>debeamus.</strong></span> <span class='ocrx_word' id='word_1_210' title='bbox 1275 3152 1373 3216; x_wconf 79' lang='lat' dir='ltr'><strong>&#39;Peste</strong></span> <span class='ocrx_word' id='word_1_211' title='bbox 1407 3171 1461 3214; x_wconf 89' lang='lat' dir='ltr'><strong>ms</strong></span> <span class='ocrx_word' id='word_1_212' title='bbox 1489 3150 1562 3235; x_wconf 90' lang='lat' dir='ltr'><strong>ipso</strong></span> <span class='ocrx_word' id='word_1_213' title='bbox 1600 3150 1688 3235; x_wconf 91' lang='lat' dir='ltr'><strong>apud</strong></span> 
     </span>
     <span class='ocr_line' id='line_1_26' title="bbox 538 3252 1591 3340; baseline -0.004 -20"><span class='ocrx_word' id='word_1_214' title='bbox 538 3255 778 3332; x_wconf 81' lang='lat' dir='ltr'><strong>windesoram,</strong></span> <span class='ocrx_word' id='word_1_215' title='bbox 795 3253 902 3340; x_wconf 93' lang='lat' dir='ltr'><strong>primo</strong></span> <span class='ocrx_word' id='word_1_216' title='bbox 922 3254 975 3318; x_wconf 89' lang='lat' dir='ltr'><strong>die</strong></span> <span class='ocrx_word' id='word_1_217' title='bbox 989 3253 1198 3334; x_wconf 83' lang='lat' dir='ltr'><strong>Novembris,</strong></span> <span class='ocrx_word' id='word_1_218' title='bbox 1209 3274 1295 3318; x_wconf 92' lang='lat' dir='ltr'><strong>anno</strong></span> <span class='ocrx_word' id='word_1_219' title='bbox 1309 3252 1400 3338; x_wconf 90' lang='lat' dir='ltr'><strong>regni</strong></span> <span class='ocrx_word' id='word_1_220' title='bbox 1414 3252 1519 3316; x_wconf 87' lang='lat' dir='ltr'><strong>nostri</strong></span> <span class='ocrx_word' id='word_1_221' title='bbox 1532 3253 1591 3317; x_wconf 86' lang='lat' dir='ltr'><strong>lv⁰.</strong></span> 
     </span>
     <span class='ocr_line' id='line_1_27' title="bbox 317 3355 1686 3442; baseline -0.001 -19"><span class='ocrx_word' id='word_1_222' title='bbox 317 3375 354 3423; x_wconf 77' lang='lat' dir='ltr'><strong>os</strong></span> <span class='ocrx_word' id='word_1_223' title='bbox 369 3374 443 3422; x_wconf 64' lang='lat' dir='ltr'><strong>rum</strong></span> <span class='ocrx_word' id='word_1_224' title='bbox 453 3375 526 3424; x_wconf 67' lang='lat' dir='ltr'><strong>mss</strong></span> <span class='ocrx_word' id='word_1_225' title='bbox 582 3357 657 3421; x_wconf 91' lang='lat' dir='ltr'><strong>Hoo</strong></span> <span class='ocrx_word' id='word_1_226' title='bbox 680 3378 777 3436; x_wconf 87' lang='lat' dir='ltr'><strong>anno,</strong></span> <span class='ocrx_word' id='word_1_227' title='bbox 792 3357 888 3421; x_wconf 90' lang='lat' dir='ltr'><strong>tertia</strong></span> <span class='ocrx_word' id='word_1_228' title='bbox 912 3355 964 3422; x_wconf 87' lang='lat' dir='ltr'><strong>die</strong></span> <span class='ocrx_word' id='word_1_229' title='bbox 984 3366 1061 3442; x_wconf 90' lang='lat' dir='ltr'><strong>post</strong></span> <span class='ocrx_word' id='word_1_230' title='bbox 1074 3357 1194 3421; x_wconf 82' lang='lat' dir='ltr'><strong>festum</strong></span> <span class='ocrx_word' id='word_1_231' title='bbox 1211 3355 1442 3421; x_wconf 86' lang='lat' dir='ltr'><strong>Conversionis</strong></span> <span class='ocrx_word' id='word_1_232' title='bbox 1457 3355 1567 3422; x_wconf 84' lang='lat' dir='ltr'><strong>Sancti</strong></span> <span class='ocrx_word' id='word_1_233' title='bbox 1583 3357 1686 3436; x_wconf 83' lang='lat' dir='ltr'><strong>Pauli,</strong></span> 
     </span>
     <span class='ocr_line' id='line_1_28' title="bbox 317 3439 1685 3553; baseline 0.001 -29"><span class='ocrx_word' id='word_1_234' title='bbox 317 3439 524 3553; x_wconf 48' lang='grc' dir='ltr'><strong>ᾗᾜώᾚ</strong></span> <span class='ocrx_word' id='word_1_235' title='bbox 537 3458 621 3523; x_wconf 91' lang='lat' dir='ltr'><strong>circa</strong></span> <span class='ocrx_word' id='word_1_236' title='bbox 643 3459 757 3523; x_wconf 85' lang='lat' dir='ltr'><strong>horam</strong></span> <span class='ocrx_word' id='word_1_237' title='bbox 776 3458 914 3544; x_wconf 85' lang='lat' dir='ltr'><strong>primam</strong></span> <span class='ocrx_word' id='word_1_238' title='bbox 938 3458 1047 3524; x_wconf 85' lang='lat' dir='ltr'><strong>subito</strong></span> <span class='ocrx_word' id='word_1_239' title='bbox 1069 3468 1103 3524; x_wconf 93' lang='lat' dir='ltr'><strong>et</strong></span> <span class='ocrx_word' id='word_1_240' title='bbox 1121 3459 1287 3544; x_wconf 82' lang='lat' dir='ltr'><strong>inopinate</strong></span> <span class='ocrx_word' id='word_1_241' title='bbox 1307 3457 1446 3542; x_wconf 90' lang='lat' dir='ltr'><strong>quedam</strong></span> <span class='ocrx_word' id='word_1_242' title='bbox 1471 3480 1587 3544; x_wconf 82' lang='lat' dir='ltr'><strong>magna</strong></span> <span class='ocrx_word' id='word_1_243' title='bbox 1610 3481 1685 3545; x_wconf 87' lang='lat' dir='ltr'><strong>pars</strong></span> 
     </span>
     <span class='ocr_line' id='line_1_29' title="bbox 318 3560 1686 3628; baseline 0.001 -4"><span class='ocrx_word' id='word_1_244' title='bbox 318 3568 366 3617; x_wconf 67' lang='lat' dir='ltr'><strong>su.</strong></span> <span class='ocrx_word' id='word_1_245' title='bbox 537 3561 634 3625; x_wconf 89' lang='lat' dir='ltr'><strong>turris</strong></span> <span class='ocrx_word' id='word_1_246' title='bbox 657 3560 790 3625; x_wconf 87' lang='lat' dir='ltr'><strong>ecclesie</strong></span> <span class='ocrx_word' id='word_1_247' title='bbox 817 3561 935 3626; x_wconf 83' lang='lat' dir='ltr'><strong>Sancte</strong></span> <span class='ocrx_word' id='word_1_248' title='bbox 962 3560 1067 3626; x_wconf 84' lang='lat' dir='ltr'><strong>Maris</strong></span> <span class='ocrx_word' id='word_1_249' title='bbox 1090 3561 1130 3626; x_wconf 89' lang='lat' dir='ltr'><strong>de</strong></span> <span class='ocrx_word' id='word_1_250' title='bbox 1144 3561 1295 3627; x_wconf 85' lang='lat' dir='ltr'><strong>Arcubus</strong></span> <span class='ocrx_word' id='word_1_251' title='bbox 1310 3560 1554 3626; x_wconf 89' lang='lat' dir='ltr'><strong>Londoniarum</strong></span> <span class='ocrx_word' id='word_1_252' title='bbox 1569 3561 1686 3628; x_wconf 89' lang='lat' dir='ltr'><strong>cecidit</strong></span> 
     </span>
     <span class='ocr_line' id='line_1_30' title="bbox 536 3662 1614 3749; baseline 0.001 -21"><span class='ocrx_word' id='word_1_253' title='bbox 536 3683 650 3728; x_wconf 87' lang='lat' dir='ltr'><strong>versus</strong></span> <span class='ocrx_word' id='word_1_254' title='bbox 664 3662 771 3726; x_wconf 81' lang='lat' dir='ltr'><strong>forum</strong></span> <span class='ocrx_word' id='word_1_255' title='bbox 785 3671 819 3726; x_wconf 88' lang='lat' dir='ltr'><strong>et</strong></span> <span class='ocrx_word' id='word_1_256' title='bbox 833 3663 997 3747; x_wconf 87' lang='lat' dir='ltr'><strong>oppressit</strong></span> <span class='ocrx_word' id='word_1_257' title='bbox 1011 3665 1183 3749; x_wconf 87' lang='lat' dir='ltr'><strong>plusquam</strong></span> <span class='ocrx_word' id='word_1_258' title='bbox 1197 3685 1243 3727; x_wconf 85' lang='lat' dir='ltr'><strong>xx</strong></span> <span class='ocrx_word' id='word_1_259' title='bbox 1256 3662 1405 3728; x_wconf 89' lang='lat' dir='ltr'><strong>homines</strong></span> <span class='ocrx_word' id='word_1_260' title='bbox 1421 3672 1455 3729; x_wconf 90' lang='lat' dir='ltr'><strong>et</strong></span> <span class='ocrx_word' id='word_1_261' title='bbox 1467 3664 1614 3729; x_wconf 83' lang='lat' dir='ltr'><strong>feminas.</strong></span> 
     </span>
     <span class='ocr_line' id='line_1_31' title="bbox 308 3764 1685 3852; baseline 0.005 -26"><span class='ocrx_word' id='word_1_262' title='bbox 308 3779 392 3839; x_wconf 68' lang='lat' dir='ltr'><strong>fine</strong></span> <span class='ocrx_word' id='word_1_263' title='bbox 403 3785 436 3828; x_wconf 58' lang='grc' dir='ltr'><strong>ν.</strong></span> <span class='ocrx_word' id='word_1_264' title='bbox 578 3765 691 3844; x_wconf 72' lang='lat' dir='ltr'><strong>[Anno</strong></span> <span class='ocrx_word' id='word_1_265' title='bbox 717 3764 843 3842; x_wconf 82' lang='lat' dir='ltr'><strong>eodem,</strong></span> <span class='ocrx_word' id='word_1_266' title='bbox 870 3764 1001 3846; x_wconf 79' lang='lat' dir='ltr'><strong>scilicet,</strong></span> <span class='ocrx_word' id='word_1_267' title='bbox 1025 3766 1060 3830; x_wconf 90' lang='lat' dir='ltr'><strong>in</strong></span> <span class='ocrx_word' id='word_1_268' title='bbox 1089 3766 1179 3831; x_wconf 89' lang='lat' dir='ltr'><strong>exitu</strong></span> <span class='ocrx_word' id='word_1_269' title='bbox 1204 3766 1282 3830; x_wconf 89' lang='lat' dir='ltr'><strong>anni</strong></span> <span class='ocrx_word' id='word_1_270' title='bbox 1297 3765 1419 3831; x_wconf 65' lang='lat' dir='ltr'><strong>Meo.</strong></span> <span class='ocrx_word' id='word_1_271' title='bbox 1446 3765 1685 3852; x_wconf 73' lang='lat' dir='ltr'><strong>septuagesimi,</strong></span> 
     </span>
     <span class='ocr_line' id='line_1_32' title="bbox 315 3844 1683 3958; baseline 0.002 -25"><span class='ocrx_word' id='word_1_272' title='bbox 315 3844 424 3958; x_wconf 57' lang='lat' dir='ltr'><strong><em>m</em></strong></span> <span class='ocrx_word' id='word_1_273' title='bbox 434 3859 501 3892; x_wconf 64' lang='grc' dir='ltr'><strong>Μ’</strong></span> <span class='ocrx_word' id='word_1_274' title='bbox 536 3887 648 3932; x_wconf 86' lang='lat' dir='ltr'><strong>mense</strong></span> <span class='ocrx_word' id='word_1_275' title='bbox 664 3867 787 3946; x_wconf 85' lang='lat' dir='ltr'><strong>Martii,</strong></span> <span class='ocrx_word' id='word_1_276' title='bbox 811 3867 948 3952; x_wconf 87' lang='lat' dir='ltr'><strong>contigit</strong></span> <span class='ocrx_word' id='word_1_277' title='bbox 967 3868 1002 3932; x_wconf 94' lang='lat' dir='ltr'><strong>in</strong></span> <span class='ocrx_word' id='word_1_278' title='bbox 1023 3889 1106 3953; x_wconf 85' lang='lat' dir='ltr'><strong>pago</strong></span> <span class='ocrx_word' id='word_1_279' title='bbox 1127 3867 1168 3935; x_wconf 85' lang='lat' dir='ltr'><strong>de</strong></span> <span class='ocrx_word' id='word_1_280' title='bbox 1185 3868 1364 3956; x_wconf 82' lang='lat' dir='ltr'><strong>Grenewyz</strong></span> <span class='ocrx_word' id='word_1_281' title='bbox 1375 3869 1471 3954; x_wconf 84' lang='lat' dir='ltr'><strong>juxta</strong></span> <span class='ocrx_word' id='word_1_282' title='bbox 1485 3869 1683 3952; x_wconf 85' lang='lat' dir='ltr'><strong>Londouias,</strong></span> 
     </span>
     <span class='ocr_line' id='line_1_33' title="bbox 535 3965 1685 4053; baseline 0.008 -23"><span class='ocrx_word' id='word_1_283' title='bbox 535 3965 623 4051; x_wconf 90' lang='lat' dir='ltr'><strong>quod</strong></span> <span class='ocrx_word' id='word_1_284' title='bbox 638 3966 776 4050; x_wconf 88' lang='lat' dir='ltr'><strong>quedam</strong></span> <span class='ocrx_word' id='word_1_285' title='bbox 791 3965 862 4030; x_wconf 83' lang='lat' dir='ltr'><strong>ovis</strong></span> <span class='ocrx_word' id='word_1_286' title='bbox 883 3966 1011 4051; x_wconf 88' lang='lat' dir='ltr'><strong>peperit</strong></span> <span class='ocrx_word' id='word_1_287' title='bbox 1033 3966 1196 4052; x_wconf 78' lang='lat' dir='ltr'><strong>quoddam</strong></span> <span class='ocrx_word' id='word_1_288' title='bbox 1219 3967 1338 4034; x_wconf 87' lang='lat' dir='ltr'><strong>animal</strong></span> <span class='ocrx_word' id='word_1_289' title='bbox 1359 3980 1613 4053; x_wconf 89' lang='lat' dir='ltr'><strong>monstruosum,</strong></span> <span class='ocrx_word' id='word_1_290' title='bbox 1627 3974 1685 4040; x_wconf 89' lang='lat' dir='ltr'><strong>ha·</strong></span> 
     </span>
    </p>
   </div>
   <div class='ocr_carea' id='block_1_3' title="bbox 533 4067 1686 4263">
    <p class='ocr_par' dir='ltr' id='par_1_3' title="bbox 533 4067 1686 4263">
     <span class='ocr_line' id='line_1_34' title="bbox 533 4067 1686 4161; baseline 0.006 -28"><span class='ocrx_word' id='word_1_291' title='bbox 533 4067 615 4133; x_wconf 86' lang='lat' dir='ltr'><strong>bens</strong></span> <span class='ocrx_word' id='word_1_292' title='bbox 630 4068 695 4134; x_wconf 90' lang='lat' dir='ltr'><strong>duo</strong></span> <span class='ocrx_word' id='word_1_293' title='bbox 721 4089 856 4154; x_wconf 91' lang='lat' dir='ltr'><strong>corpora</strong></span> <span class='ocrx_word' id='word_1_294' title='bbox 878 4069 995 4154; x_wconf 87' lang='lat' dir='ltr'><strong>agnina</strong></span> <span class='ocrx_word' id='word_1_295' title='bbox 1017 4080 1052 4135; x_wconf 86' lang='lat' dir='ltr'><strong>et</strong></span> <span class='ocrx_word' id='word_1_296' title='bbox 1071 4092 1175 4135; x_wconf 91' lang='lat' dir='ltr'><strong>unum</strong></span> <span class='ocrx_word' id='word_1_297' title='bbox 1189 4071 1295 4137; x_wconf 87' lang='lat' dir='ltr'><strong>solum</strong></span> <span class='ocrx_word' id='word_1_298' title='bbox 1311 4095 1393 4159; x_wconf 86' lang='lat' dir='ltr'><strong>capu</strong></span> <span class='ocrx_word' id='word_1_299' title='bbox 1404 4098 1414 4153; x_wconf 80' lang='lat'>3</span> <span class='ocrx_word' id='word_1_300' title='bbox 1436 4073 1489 4138; x_wconf 94' lang='lat' dir='ltr'><strong>cui</strong></span> <span class='ocrx_word' id='word_1_301' title='bbox 1512 4075 1610 4161; x_wconf 84' lang='lat' dir='ltr'><strong>capiti</strong></span> <span class='ocrx_word' id='word_1_302' title='bbox 1629 4075 1686 4140; x_wconf 90' lang='lat' dir='ltr'><strong>illa</strong></span> 
     </span>
     <span class='ocr_line' id='line_1_35' title="bbox 533 4171 1685 4263; baseline 0.005 -25"><span class='ocrx_word' id='word_1_303' title='bbox 533 4193 668 4259; x_wconf 83' lang='lat' dir='ltr'><strong>corpore</strong></span> <span class='ocrx_word' id='word_1_304' title='bbox 689 4193 748 4260; x_wconf 89' lang='lat' dir='ltr'><strong>per</strong></span> <span class='ocrx_word' id='word_1_305' title='bbox 771 4171 853 4238; x_wconf 80' lang='lat' dir='ltr'><strong>colla</strong></span> <span class='ocrx_word' id='word_1_306' title='bbox 875 4171 1081 4240; x_wconf 85' lang='lat' dir='ltr'><strong>adheserunt</strong></span> <span class='ocrx_word' id='word_1_307' title='bbox 1126 4173 1308 4262; x_wconf 76' lang='lat' dir='ltr'><strong>Quodlibet</strong></span> <span class='ocrx_word' id='word_1_308' title='bbox 1329 4197 1407 4243; x_wconf 86' lang='lat' dir='ltr'><strong>vero</strong></span> <span class='ocrx_word' id='word_1_309' title='bbox 1430 4198 1548 4263; x_wconf 89' lang='lat' dir='ltr'><strong>corpus</strong></span> <span class='ocrx_word' id='word_1_310' title='bbox 1569 4178 1685 4244; x_wconf 88' lang='lat' dir='ltr'><strong>habuit</strong></span> 
     </span>
    </p>
   </div>
   <div class='ocr_carea' id='block_1_4' title="bbox 0 0 1970 5088">
    <p class='ocr_par' dir='ltr' id='par_1_4' title="bbox 0 0 1970 5088">
     <span class='ocr_line' id='line_1_36' title="bbox 0 0 1970 5088; baseline 0 4"><span class='ocrx_word' id='word_1_311' title='bbox 0 0 1970 5088; x_wconf 95' lang='lat' dir='ltr'><strong> </strong></span> 
     </span>
    </p>
   </div>
  </div>
 </body>
</html>
