3930 5088
573 576 635 636 los
932 587 1094 634 escures
1117 589 1295 636 unionum
1320 590 1365 634 ιτ

571 740 747 823 presentati
761 739 893 806 sumunt
907 762 1015 806 eorem
1029 762 1069 806 eo
1083 741 1171 828 spnd
1185 740 1513 806 Westmcnssterinm
1527 739 1562 805 in
1577 739 1725 806 ersstino

573 841 768 921 Pslmsrum,
793 843 926 922 seilicet,
956 845 1099 910 secundo
1128 843 1180 909 die
1203 843 1336 930 Aprilis.
1380 843 1426 908 Et
1450 853 1530 909 tune
1555 842 1725 908 Dominus

575 941 646 1008 Rex
661 967 721 1030 pro
736 945 904 1012 voluntste
919 967 978 1010 sus
992 945 1165 1012 constituit
1178 945 1261 1012 dnos
1284 945 1325 1010 de
1348 945 1423 1023 illis,
1437 955 1476 1010 ut
1500 955 1610 1011 essent
1623 945 1724 1008 Vice-

354 1061 400 1106 Per
410 1057 538 1134 nouisse
572 1047 708 1112 comites
724 1047 967 1112 Londonisrum
981 1057 1016 1112 et
1030 1047 1234 1124 Midelsexie,
1243 1056 1277 1112 et
1288 1047 1476 1132 colligerent
1485 1069 1599 1112 omnes
1613 1046 1723 1112 exitus

353 1125 504 1236 mg
572 1148 659 1214 nnus
672 1148 931 1216 viss-smisso,
950 1151 992 1214 m
1007 1171 1091 1235 opus
1114 1149 1251 1214 nomm
1273 1149 1383 1235 segis,
1406 1149 1567 1228 soenes,
1581 1148 1721 1214 winin-

558 1275 646 1318 mus
669 1253 710 1318 de
742 1254 909 1319 Durehsm
936 1262 970 1318 et
990 1252 1156 1318 Wslterus
1186 1252 1311 1341 Hervy,
1339 1251 1491 1319 Johsnne
1515 1252 1660 1318 Addrien
1687 1261 1723 1316 et

572 1355 664 1420 Luce
678 1355 719 1420 de
734 1356 911 1421 Bstencurt
922 1355 1051 1421 emotis.

351 1471 388 1518 D·
402 1469 527 1516 mdo
614 1459 708 1525 Tunc
722 1459 878 1544 temporis
900 1460 1004 1526 isctns
1027 1469 1078 1524 est
1097 1457 1220 1524 Custos
1236 1457 1386 1524 Civitstis
1400 1470 1435 1526 et
1451 1457 1722 1526 Constsbnlsrius

352 1536 489 1597 Imm«.
571 1561 682 1626 Turris
698 1561 849 1628 dominus
863 1561 1008 1626 Thomss
1023 1562 1063 1627 de
1079 1561 1281 1647 Eppegrsre.

351 1676 495 1752 &melio
616 1664 745 1744 Postea,
763 1664 846 1730 circs
867 1665 988 1729 festum
1012 1663 1125 1730 Sancti
1151 1663 1256 1728 Murci
1281 1663 1499 1749 Evangeliste,
1519 1663 1723 1741 Ottobonus,

352 1741 559 1804 Lemm-
573 1765 684 1832 snos
698 1765 855 1830 sessani
870 1765 1038 1831 Dimonus
1055 1765 1247 1844 curuans,
1261 1765 1450 1850 spossus
1462 1765 1548 1831 sus
1569 1765 1724 1849 Legem,

573 1867 746 1934 celebravit
760 1867 932 1935 concilium
949 1891 1045 1934 suum
1060 1869 1209 1954 generale
1224 1868 1259 1932 in
1274 1867 1408 1934 ecclesis
1428 1867 1540 1934 Ssncti
1563 1867 1673 1946 Psnli;
1687 1867 1724 1930 in

573 1993 639 2057 quo
653 1971 786 2036 fuerunt
799 1982 979 2058 presentes,
995 1972 1048 2038 vel
1068 1993 1128 2057 per
1149 1995 1185 2038 se
1207 1981 1265 2038 sut
1278 1993 1338 2057 per
1358 1980 1593 2057 procuratores,
1608 1993 1724 2036 omnes

574 2071 831 2158 Archiepiscopi,
845 2073 1013 2160 Episcopi,
1023 2072 1181 2152 Abbstes,
1196 2083 1230 2138 et
1245 2073 1384 2150 Priores,
1399 2073 1535 2153 Deesni,
1551 2072 1725 2158 Prepositi,

575 2184 609 2241 et
622 2173 851 2240 Archidisooni
865 2175 969 2240 totius
984 2175 1112 2260 Anglie,
1124 2174 1295 2255 Hibernis,
1311 2174 1471 2240 Schochie
1485 2185 1520 2239 et
1533 2174 1662 2239 Wsllie.

620 2277 718 2343 Certe
732 2277 867 2342 Domini
887 2278 996 2364 Regis,
1011 2301 1108 2364 quern
1130 2279 1207 2344 iecit
1233 2278 1369 2344 Civibus
1394 2276 1647 2358 bondonisrum,
1662 2276 1724 2342 sub

662 2401 720 2465 spe
734 2379 919 2445 inveniendi
930 2379 971 2444 sb
986 2401 1025 2445 eo
1040 2381 1205 2446 meliorem
1219 2380 1366 2465 gretiam.

621 2480 783 2547 Henricus
799 2481 863 2546 Dei
876 2483 979 2566 gretie
993 2483 1065 2548 Rex
1087 2483 1216 2568 Anglie,
1237 2483 1402 2548 Dominus
1422 2481 1580 2549 Hibernis
1600 2493 1635 2548 et
1647 2484 1726 2547 Dux

575 2584 783 2672 Aquitsnnie,
793 2581 1067 2670 Archiepiscopis,
1076 2585 1261 2672 Episcopis,
1271 2585 1466 2665 Abbstibus,
1475 2585 1652 2665 Prioribus,
1662 2585 1727 2650 Co·

577 2688 722 2767 mitibus,
743 2686 939 2768 Beronibus,
956 2687 980 2754 J
981 2688 1161 2768 ostitiariis,
1175 2687 1441 2768 vicecomitibus,
1457 2688 1645 2774 Prepositis,
1660 2688 1728 2752 Mi-

576 2791 688 2856 nistris
710 2801 744 2855 et
766 2790 918 2856 omnibus
941 2791 1076 2857 Bullivis
1094 2802 1128 2857 et
1150 2791 1300 2858 fidelibus
1324 2790 1404 2870 suis,
1419 2790 1567 2856 salutern.
1612 2791 1728 2856 Sciatis

577 2917 638 2961 nos
661 2895 860 2962 concessisse
874 2917 934 2981 pro
956 2895 1051 2962 nobis
1072 2906 1106 2961 et
1127 2894 1300 2960 heredibus
1315 2894 1437 2960 nostris
1456 2893 1593 2960 Civibus
1608 2893 1729 2958 nostris

578 2998 824 3064 Londonierum
839 3020 921 3083 quos
941 3019 1046 3084 nuper
1066 3007 1144 3084 post
1161 2997 1266 3062 varies
1287 2997 1559 3081 trsnsgressiones
1581 3007 1616 3061 et
1635 2996 1730 3061 foris-

579 3103 719 3166 facturss
735 3121 820 3178 sues,
835 3109 869 3162 et
884 3099 1138 3162 Communitstis
1154 3118 1222 3178 sue,
1237 3098 1332 3162 nobis
1353 3098 1464 3178 fsctss,
1481 3119 1541 3184 pro
1557 3098 1673 3184 quibus
1688 3097 1730 3162 de

580 3205 648 3268 rite
662 3214 696 3268 et
710 3200 864 3266 membris
879 3209 914 3263 et
932 3200 1002 3264 eliis
1017 3201 1170 3267 omnibus
1185 3202 1226 3266 sd
1243 3200 1417 3267 Civitatem
1439 3201 1618 3287 predictum
1639 3222 1730 3287 speo-

582 3305 728 3371 tsntibus
751 3325 785 3367 se
806 3301 967 3366 voluntati
990 3311 1101 3367 nostre
1123 3315 1377 3390 supposuerunt,
1393 3305 1574 3390 recepimus
1596 3305 1638 3368 sd
1660 3326 1732 3390 grs-

583 3407 662 3472 tism
688 3417 722 3470 et
741 3426 853 3491 pscem
874 3415 1030 3485 nostrum,
1045 3405 1134 3490 qnod
1158 3407 1268 3471 nullus
1290 3429 1403 3473 eorum
1425 3407 1577 3492 plscitsre
1599 3419 1733 3492 cogetur

584 3521 675 3576 extre
700 3531 810 3575 muros
836 3508 986 3575 Civitatis
1009 3509 1152 3596 predicte
1178 3511 1219 3575 de
1242 3533 1277 3576 re
1300 3511 1418 3597 eliqua,
1441 3511 1585 3596 exeeptis
1607 3511 1731 3575 tenuris

585 3610 807 3691 exterioribus,
844 3623 876 3676 et
912 3613 1056 3698 exceptis
1093 3612 1280 3678 monetariis
1317 3613 1437 3677 nostris
1466 3621 1501 3676 et
1534 3611 1732 3692 ministeriis,

585 3728 620 3783 et
647 3715 790 3801 exceptis
814 3715 876 3780 hiis
905 3737 968 3801 que
998 3725 1111 3781 contrs
1139 3737 1252 3801 pscem
1281 3725 1425 3780 nostram
1455 3715 1523 3781 fieri
1547 3716 1731 3800 continget3

586 3841 660 3908 que,
692 3819 870 3885 secundum
906 3819 1010 3905 legem
1044 3819 1135 3904 regni
1174 3820 1278 3884 nostri
1314 3841 1532 3900 communem,
1570 3819 1734 3884 terminsri

586 3925 694 3990 solent
725 3923 760 3987 in
794 3923 940 4009 pertibus
972 3921 1028 3987 ubi
1059 3922 1329 4006 transgressiones
1364 3923 1418 3988 ille
1459 3924 1543 3989 fscte
1584 3923 1732 4001 fuissent,

586 4038 620 4095 et
648 4026 792 4114 exceptis
827 4025 955 4112 placitis
985 4026 1025 4090 de
1057 4024 1278 4106 merosndisis,
1315 4047 1377 4112 que
1411 4026 1588 4092 secundum
1628 4026 1732 4111 legem
