3856 5038
792 649 971 692 euersos.
1413 630 1488 694 xciii

283 802 405 860 tinentiis
427 803 457 859 in
477 801 610 859 comitatu
628 799 843 870 Suthhuntcnie,
858 820 912 877 que
926 801 1017 859 dictus
1032 802 1121 876 Hugo
1135 802 1224 858 tenuit
1238 799 1282 858 die
1297 819 1353 876 quo
1367 799 1438 859 obiit
1451 801 1486 860 de

283 900 437 958 hereditate
447 899 566 958 Isabelle
583 899 680 956 uxoris
695 919 752 968 sue,
764 907 794 957 et
808 918 862 975 que
876 898 911 957 de
924 899 1004 957 nobis
1018 907 1149 956 tenentur
1161 900 1191 954 in
1206 899 1307 974 cupite,
1323 898 1407 956 simul
1422 917 1486 956 eum

282 997 344 1054 aliis
368 999 450 1056 terris
472 1007 501 1056 et
524 997 698 1065 tenementis,
723 1016 778 1072 que
801 996 916 1054 firemnt
933 997 1021 1073 ipsius
1046 996 1183 1072 Hugonis
1203 995 1247 1052 die
1269 995 1404 1072 predicto,
1427 997 1488 1073 capi

283 1095 430 1153 fecerimus
443 1097 473 1153 in
487 1113 601 1152 manum
615 1103 753 1163 nostrum,
768 1113 801 1151 ac
815 1113 875 1162 nos,
889 1094 971 1152 dictis
991 1093 1122 1152 maneriis
1137 1094 1177 1151 sic
1191 1093 1221 1150 in
1234 1111 1350 1150 menum
1363 1099 1489 1151 nostram

283 1191 476 1260 existentibus,
504 1190 657 1266 ceperimus
684 1190 846 1265 homagium
872 1189 997 1266 ejusdem
1021 1189 1141 1247 lsebelle
1162 1189 1197 1246 de
1220 1189 1323 1245 eisdem
1347 1189 1487 1258 maneriis,

283 1288 398 1363 ipseque
412 1288 533 1346 lsubelle
552 1305 602 1362 per
622 1286 756 1363 scriptum
777 1305 859 1343 suurn
883 1286 1059 1353 concesserit,
1074 1285 1211 1342 remiserit
1233 1292 1263 1342 et
1285 1285 1397 1342 omnino
1411 1285 1489 1361 quie-

283 1395 342 1442 tum
366 1385 526 1442 clamaverit
544 1403 595 1461 pro
617 1403 646 1441 se
666 1391 695 1441 et
715 1383 864 1441 heredibus
885 1384 942 1440 suis
963 1383 1167 1458 imperpetuum
1187 1382 1268 1440 nobis
1287 1390 1317 1440 et
1337 1381 1489 1440 heredibus

283 1483 385 1539 nostris
405 1489 495 1539 totum
512 1481 561 1556 jus
582 1489 611 1539 et
631 1481 762 1538 clamium
781 1500 836 1556 que
856 1479 955 1538 habuit
970 1480 1014 1538 vel
1028 1480 1123 1555 aliquo
1142 1479 1227 1536 modo
1240 1479 1344 1537 habere
1357 1479 1447 1556 potuit
1460 1481 1489 1537 in

283 1579 415 1638 maneriis
439 1578 620 1656 supradictis3
643 1577 714 1646 Nos,
737 1577 861 1634 volentes
883 1576 973 1634 eidem
996 1576 1115 1634 lsabelle
1139 1585 1169 1634 et
1190 1575 1333 1633 Willelmo
1354 1576 1415 1633 filio
1439 1595 1490 1633 suo

283 1677 403 1752 gretiam
422 1676 515 1733 fecere
536 1675 691 1751 specialem,
713 1674 900 1732 concessimus
913 1673 1004 1730 eidem
1018 1671 1136 1730 Isubelle
1149 1671 1274 1729 muneris
1288 1671 1412 1747 predicte
1425 1691 1490 1730 cum

284 1773 456 1848 pertinentiis
476 1770 596 1829 tenenda
616 1778 645 1827 et
664 1769 794 1828 habende
813 1770 920 1845 prefate
940 1768 1058 1826 lsebelle
1072 1769 1108 1826 ed
1122 1777 1210 1826 totum
1224 1769 1313 1826 vitum
1327 1788 1406 1826 suem
1419 1769 1488 1827 adeo

284 1871 365 1945 plene
391 1878 420 1926 et
442 1869 559 1943 integre,
584 1867 656 1924 sicut
680 1868 709 1922 iu
732 1885 846 1923 menum
868 1873 996 1924 nostrum
1019 1874 1099 1942 cepta
1120 1866 1244 1932 fuerunt,
1264 1866 1304 1923 ite
1326 1866 1402 1942 quod
1426 1875 1491 1943 post

286 1971 403 2020 mortem
422 1963 509 2038 ipsius
523 1961 644 2019 lssbelle
664 1962 788 2018 maneria
800 1961 925 2038 predicte
938 1981 1003 2019 oum
1015 1962 1190 2038 pertinentiis
1204 1971 1365 2020 remaneant
1378 1963 1488 2038 prefato

287 2059 430 2117 Willelmo
443 2059 572 2117 habenda
585 2067 614 2116 et
627 2057 746 2115 tenende
766 2059 819 2116 sibi
832 2067 861 2116 et
873 2057 1024 2116 heredibus
1038 2059 1096 2116 suis
1110 2058 1145 2117 de
1158 2078 1274 2136 corpore
1289 2079 1340 2117 suo
1353 2059 1490 2136 legittime

285 2157 438 2231 procreetis
456 2155 491 2212 de
512 2155 592 2213 uobis
606 2162 636 2212 et
650 2153 798 2211 heredibus
818 2156 922 2213 nostris
936 2174 986 2232 per
1000 2155 1117 2213 servicis
1130 2155 1196 2214 inde
1210 2154 1304 2214 debite
1316 2164 1345 2214 et
1358 2167 1491 2214 consuete

285 2253 499 2328 imperpetuum.
541 2251 581 2310 Et
604 2253 628 2309 si
648 2252 722 2309 idem
736 2252 895 2310 Willelmus
916 2253 976 2310 siue
994 2252 1097 2312 herede
1112 2252 1147 2311 de
1160 2272 1276 2330 corpore
1291 2273 1342 2310 suo
1356 2253 1491 2329 legittime

286 2357 431 2426 procreato
444 2349 553 2416 obierit,
568 2357 635 2406 tirno
655 2350 779 2406 muneris
792 2350 841 2408 ille
854 2370 919 2407 cum
932 2350 1106 2426 pertinentiis
1120 2351 1156 2408 ed
1167 2359 1259 2409 rectos
1275 2351 1390 2408 heredes
1404 2352 1490 2428 ipsius

286 2444 406 2504 leubelle
417 2445 524 2521 integre
538 2455 712 2504 revertantur
724 2448 844 2506 tenende
857 2447 892 2504 de
904 2448 987 2506 nobis
1000 2456 1029 2505 et
1042 2447 1191 2505 heredibus
1201 2448 1304 2506 nostris
1314 2467 1364 2524 per
1374 2447 1491 2505 servicis

287 2540 410 2617 predicta
432 2541 644 2617 imperpetuum.
695 2543 790 2607 Quare
812 2544 953 2612 volumus,
979 2547 1029 2604 dc.
1053 2545 1125 2602 sieut
1149 2545 1302 2620 predictum
1327 2552 1380 2600 est.
1422 2543 1488 2601 Hiis

285 2638 412 2705 testibus,
434 2638 584 2696 venerabili
604 2647 683 2715 patre
705 2640 832 2698 Waltero
856 2641 1041 2699 Coventrensi
1067 2650 1096 2699 et
1120 2641 1333 2719 Lychefeldensi
1351 2641 1490 2717 episeopo,

288 2734 414 2792 Hsnrico
427 2735 462 2793 de
473 2734 551 2812 any
565 2737 667 2794 comite
680 2736 835 2806 Linoolnie‚
852 2738 872 2796 J
873 2739 982 2796 ohanne
998 2739 1033 2796 de
1049 2739 1195 2796 Britannia
1207 2740 1326 2814 juniore,
1340 2740 1488 2795 Amaneuo

286 2833 363 2890 dela
385 2833 464 2901 Bret,
488 2832 614 2908 Hugone
633 2832 668 2889 de
682 2833 765 2901 Veer,
788 2835 929 2892 Willelmo
947 2835 973 2892 le
988 2834 1126 2902 Vavasur,
1145 2834 1289 2892 Willelmo
1313 2832 1347 2891 de
1371 2832 1491 2911 Ryther,

288 2930 414 2988 Roberto
428 2929 462 2986 de
476 2929 504 2987 la
515 2929 621 2986 Werde
635 2930 788 2988 senescallo
801 2930 917 3005 hospicii
931 2931 1029 2988 nostri.
1060 2930 1169 2988 Datum
1179 2949 1229 3007 per
1238 2949 1352 2988 menum
1362 2938 1490 2986 nostrum

287 3119 449 3201 W(altero)
464 3121 651 3181 Coventrensi
665 3131 695 3178 et
710 3119 925 3199 Lyohet'eldensi
941 3119 1107 3199 Episcopo.”

328 3217 378 3275 On
402 3219 450 3276 the
475 3219 559 3278 Close
581 3219 650 3277 Roll
674 3219 697 3275 is
719 3217 767 3276 the
788 3217 890 3294 King's
914 3219 996 3276 letter
1016 3227 1046 3277 to
1064 3217 1174 3276 Walter
1195 3219 1229 3276 de
1250 3217 1427 3286 Glouoester‚
1442 3217 1491 3276 the

287 3310 432 3370 escheator
454 3314 566 3392 beyond
591 3315 689 3382 Trent,
714 3316 832 3390 reciting
855 3314 903 3372 the
924 3323 1051 3372 contente
1072 3314 1106 3372 of
1123 3314 1172 3372 the
1195 3314 1284 3371 above
1310 3312 1437 3370 cherters
1461 3314 1495 3371 of

288 3409 410 3467 Isebelle
425 3409 546 3467 Barduli*
560 3411 615 3468 and
630 3411 663 3468 of
678 3411 802 3479 himself,
819 3411 874 3468 and
884 3411 996 3487 adding,
1019 3421 1037 3448 ‘⁸
1049 3411 1111 3469 Nos
1124 3410 1251 3469 volentes
1265 3411 1355 3468 eidem
1370 3409 1492 3468 Isebelle

287 3507 406 3584 gretiam
420 3507 579 3564 uberiorem
591 3509 683 3565 fecere
696 3509 725 3565 in
739 3508 792 3565 hac
806 3517 893 3584 parte,
905 3509 983 3566 vohis
997 3509 1163 3566 mandamus
1178 3507 1253 3585 quod
1266 3508 1356 3566 eidem
1370 3505 1491 3565 lsebelle

287 3604 380 3661 omnia
407 3604 481 3660 bone
507 3613 535 3662 et
563 3605 664 3662 catella
687 3614 783 3662 nostre
808 3605 835 3661 in
860 3605 963 3662 eisdem
987 3607 1116 3664 maneriis
1140 3607 1296 3676 existentis,
1320 3604 1404 3662 simul
1427 3623 1491 3660 cum

287 3703 416 3760 omnibus
436 3702 557 3760 exitibus
578 3722 595 3760 a
615 3701 739 3778 predicto
753 3703 884 3761 vicesimo
906 3704 996 3779 primo
1017 3703 1061 3762 die
1083 3703 1251 3762 Novembris
1272 3702 1337 3760 inde
1355 3701 1492 3778 perceptis

290 3896 356 3953 Nov
373 3917 400 3953 m
437 3896 486 3954 ’.”

330 3899 491 4050 Theldhlthil
506 3991 539 4050 of
556 3993 635 4050 these
648 4013 761 4051 mauors
775 4012 851 4069 upon
866 3991 991 4049 William
1006 3991 1132 4058 Burdolf,
1154 3991 1257 4049 second
1278 4010 1327 4049 son
1350 3990 1383 4047 of
1402 3988 1492 4064 Hugh

290 4089 367 4146 Lord
382 4089 503 4148 Bardolf
520 4089 576 4148 end
596 4091 629 4148 of
649 4090 698 4148 the
719 4088 800 4168 Ledy
821 4089 950 4157 Isebelle‚
975 4109 1059 4146 never
1080 4088 1146 4145 toolr
1167 4089 1255 4158 effect,
1287 4089 1379 4162 owing
1398 4085 1494 4143 tobis

290 4188 403 4241 decesso
428 4186 455 4242 in
479 4185 530 4242 hor
553 4185 669 4244 lifetime
693 4185 811 4242 without
832 4185 914 4297 issue.
956 4185 989 4242 In
1011 4184 1059 4242 the
1084 4183 1134 4240 6th
1159 4204 1224 4260 year
1248 4185 1282 4241 ot
1304 4180 1424 4239 Edward
1445 4179 1493 4236 the
