3930 5088
525 565 780 613 VICECOMI'PUM
805 557 1090 612 LONDONIAR'UM.
1322 551 1378 606 145

231 717 343 782 subter
364 728 397 784 et
420 739 527 804 supra,
549 719 606 783 fiat
628 741 693 783 una
714 739 793 784 crux
808 715 946 803 depicta,
972 727 1006 782 et
1029 717 1125 782 etiarn
1142 737 1182 780 ex
1196 725 1380 780 transverso

230 819 342 886 subter
361 832 395 886 et
410 844 517 908 supra.
561 823 607 886 Et
621 844 681 907 pro
696 822 750 886 illa
765 821 946 906 signatione
962 820 1053 885 dabit
1068 828 1229 884 mercator
1244 819 1284 884 de
1300 839 1381 904 quo-

228 921 308 987 libet
323 945 415 989 sacco
430 946 533 989 unum
548 923 680 988 obolum
689 948 699 1003 3
722 924 808 1008 quod
824 944 892 988 non
907 923 1009 987 stetit.

248 1047 250 1050 ·
274 1025 336 1088 Per
345 1035 452 1090 totum
467 1027 555 1091 hunc
571 1047 693 1090 annum
708 1025 833 1090 nullum
845 1023 1006 1110 judicium
1021 1025 1206 1088 factumest
1220 1023 1261 1088 de
1275 1022 1379 1108 pisto·

228 1125 338 1206 ribus3
362 1137 412 1192 set
426 1127 572 1193 fecerunt
595 1149 695 1214 panes
717 1147 777 1212 pro
796 1127 964 1192 voluntate
985 1149 1054 1206 sua,
1080 1127 1126 1191 ita
1141 1127 1228 1213 quod
1244 1115 1284 1193 de
1299 1149 1395 1212 quo-.

228 1226 308 1292 libet
321 1251 405 1314 pane
421 1230 538 1295 defecit
551 1229 586 1294 in
601 1230 744 1316 pondere
758 1229 853 1294 tertia
868 1249 952 1313 pars,
969 1229 1022 1293 vel
1037 1239 1149 1314 quarta
1165 1229 1206 1294 ad
1221 1229 1340 1293 minus.

274 1330 349 1394 Hoc
364 1352 462 1410 anno,
474 1351 587 1394 mense
599 1331 750 1416 Augusti,
759 1329 845 1415 apud
858 1329 1072 1415 Norewycum
1086 1330 1203 1394 accidit
1214 1330 1377 1415 quoddam

228 1431 407 1515 pessimum
426 1430 640 1496 infortunium
662 1441 696 1496 et
710 1453 729 1496 a
744 1432 829 1498 seclo
851 1429 935 1495 inter
951 1429 1153 1495 Christianos
1171 1432 1354 1496 inauditum
1366 1456 1376 1510 3
1388 1431 1457 1508 Μ,
1465 1433 1575 1512 deutur,

228 1533 317 1616 quod
346 1533 492 1598 Ecclesia
522 1534 725 1598 Cathedralis
761 1533 794 1598 in
833 1533 956 1598 honore
987 1533 1105 1598 Sancte
1137 1533 1305 1598 Trinitatis
1335 1534 1376 1598 ab
1388 1501 1595 1558 puerulum.

228 1634 362 1718 antiquo
390 1635 512 1699 ibidem
538 1635 674 1700 lundata
703 1635 875 1700 combusta
900 1641 951 1698 est
979 1655 1038 1720 per
1063 1634 1171 1718 ignem
1195 1634 1375 1699 voluntarie
1481 1675 1486 1682 ·

228 1734 429 1821 impositum,
441 1759 516 1802 cum
531 1738 683 1802 omnibus
696 1738 847 1802 domibus
861 1736 1093 1801 monachorum
1104 1736 1187 1799 inira
1199 1737 1376 1801 clausturas

229 1837 314 1902 dicte
329 1838 461 1903 ecclesie
483 1841 688 1906 constructis.
747 1840 794 1904 Et
818 1841 880 1905 hoc
905 1839 968 1902 tuit
991 1857 1049 1924 per
1072 1837 1255 1923 superbiam
1277 1839 1375 1919 illius,

227 1939 283 2024 qui
304 1949 383 2005 tunc
397 1942 553 2027 temporis
575 1942 638 2006 fuis
653 1942 745 2007 Prior
758 1942 845 2006 illius
861 1939 998 2019 cenobii,
1021 1939 1106 2004 sicut
1124 1940 1158 2002 in
1173 1931 1375 2025 subsequen-

226 2041 314 2106 tibus
329 2044 480 2127 cognosci
494 2043 624 2129 poterit,
647 2047 735 2110 Nam
749 2065 807 2131 per
821 2063 990 2108 assensum
1005 2050 1039 2106 et
1053 2047 1271 2122 (consensum
1287 2042 1523 2119 illiusfo.1aos·.

228 2144 358 2224 Prioris,
383 2145 548 2230 garciones
568 2155 602 2212 et
625 2147 800 2212 servientes
824 2144 1062 2209 Monachorum
1085 2144 1253 2230 sepissime
1275 2146 1374 2210 intra·

227 2258 345 2314 verunt
368 2248 554 2328 Civitatem,
575 2249 782 2315 verberantes
808 2258 842 2314 et
870 2249 1062 2313 wlnerantes
1092 2247 1241 2312 homines
1263 2259 1297 2313 et
1328 2250 1375 2314 fc-

227 2352 331 2416 minas
346 2353 428 2416 infra
443 2352 558 2417 domos
574 2373 649 2417 suas
664 2361 698 2418 ct
712 2361 802 2417 extra
816 2360 851 2416 et
865 2350 968 2414 multa
982 2349 1065 2414 mala
1080 2349 1245 2414 facientes.
1289 2350 1374 2415 Item

225 2456 278 2521 ille
293 2455 385 2521 Prior
399 2463 542 2520 extruere
568 2477 587 2518 a
610 2453 794 2520 Communa
816 2452 966 2519 Civitatis
992 2451 1140 2516 homines
1162 2452 1202 2515 de
1226 2451 1375 2518 libertate

224 2556 398 2635 nitebatur,
423 2565 462 2620 ut
484 2563 604 2636 essent,
630 2554 691 2620 sub
716 2555 860 2620 dominio
887 2577 958 2634 suo,
982 2552 1120 2639 separati
1141 2576 1161 2617 a
1180 2553 1374 2620 Communa.

225 2659 397 2722 ltemcum
421 2657 573 2722 monachi
596 2659 739 2722 habeant
765 2657 899 2741 singulis
923 2657 1017 2720 annis
1047 2677 1147 2720 unam
1177 2656 1288 2720 feriam
1315 2679 1374 2740 per

224 2760 390 2843 antiquam
405 2759 686 2838 consuetudinem,
697 2759 834 2843 contigit
847 2757 910 2822 hoc
925 2777 1010 2820 anno
1026 2757 1108 2821 circa
1122 2758 1241 2820 festum
1255 2757 1372 2823 Sancte

223 2862 400 2940 Trinitatis,
415 2858 620 2925 venientibus
646 2859 781 2925 Civibus
808 2880 883 2923 cum
907 2858 1123 2922 mercimoniis
1150 2859 1217 2922 suis
1240 2858 1372 2939 ibidem,

223 2974 257 3027 et
272 2962 343 3026 cum
360 2962 464 3045 major
477 2983 552 3046 pars
564 2981 676 3024 eorum
691 2961 725 3023 in
741 2961 805 3024 fine
820 2959 1038 3022 nundinarum
1050 2959 1170 3023 reversi
1185 2961 1316 3024 fuerunt
1330 2962 1371 3025 ad

224 3064 363 3150 propria,
382 3063 558 3127 servientes
573 3063 805 3128 monachorum
825 3061 898 3125 illos
910 3061 966 3145 qui
985 3069 1210 3125 remanserunt
1224 3062 1371 3146 nequiter

222 3165 426 3243 insultantes,
440 3162 700 3244 verberaverunt,
714 3164 974 3242 vulneraverunt,
990 3171 1024 3226 et
1038 3161 1195 3247 quosdam
1211 3161 1370 3228 interfice-

219 3276 318 3346 runt3
352 3275 385 3330 et
410 3287 508 3351 super
532 3264 594 3330 hoc
620 3285 804 3351 nuncquam
826 3265 925 3329 ullam
951 3264 1122 3330 emendam
1150 3265 1253 3328 facere
1278 3285 1369 3329 cura-

219 3380 347 3450 verunt,
372 3369 431 3434 sed
458 3389 585 3452 semper
606 3369 639 3432 in
666 3369 792 3434 malicia
814 3376 848 3434 et
873 3367 1021 3452 nequicia
1046 3387 1105 3430 sua
1123 3377 1366 3452 perseverantes

218 3495 332 3539 versus
349 3471 445 3536 Cives
457 3470 566 3535 omnia
581 3469 663 3534 mala
678 3477 953 3556 perpetraverunt.
984 3468 1082 3533 Cives
1097 3479 1206 3532 autem
1218 3479 1269 3534 tot
1283 3471 1368 3534 mala

220 3586 254 3642 et
288 3583 411 3640 tanum
441 3571 633 3637 violenciam
668 3573 750 3636 ferre
780 3569 918 3657 amplius
952 3591 1020 3635 non
1048 3570 1204 3649 valentes,
1234 3591 1366 3656 congre-

218 3685 376 3763 gaverunt
391 3697 426 3740 se
440 3683 474 3739 et
488 3675 529 3738 ad
543 3695 632 3738 arma
652 3682 915 3760 preparaverunt,
939 3681 978 3736 ut
999 3671 1067 3736 vim
1088 3671 1123 3735 ri
1147 3673 1364 3758 repellemnt3

219 3779 306 3864 quod
320 3779 374 3842 ille
388 3776 549 3861 pessimus
573 3777 665 3841 Prior
685 3775 868 3861 intelligens
892 3772 969 3839 fecit
983 3773 1093 3839 venire
1108 3775 1148 3839 de
1165 3773 1365 3840 Gernernuta

218 3901 368 3964 magnam
393 3880 635 3944 multitudinem
661 3879 895 3958 malivolorum,
910 3877 976 3963 qui,
1000 3885 1147 3963 tempore
1171 3877 1364 3944 turbationis

218 3981 319 4065 regni,
342 3981 514 4045 extiterant
537 3981 634 4061 iures,
657 3991 813 4067 raptores,
836 3993 870 4045 et
892 3980 1123 4045 malefactores.
1168 3977 1234 4046 Qui
1250 4001 1363 4046 omnes

218 4089 378 4146 venerunt
400 4102 457 4165 per
475 4103 573 4166 aquus
588 4084 630 4146 ad
644 4083 724 4147 illud
738 4082 920 4161 cenobium,
935 4082 1144 4147 ascendentes
1157 4102 1254 4165 super
1265 4083 1363 4146 Bere-

263 4201 376 4247 cnasn.
393 4201 465 4244 soc.
1167 4203 1189 4246 u
