3920 5022
578 619 835 666 vicecourrusr
861 617 1147 664 uonoournnuu.
1390 609 1432 665 39

284 771 437 860 quioquid
446 769 581 856 predicti
590 770 734 835 Berones
745 769 1232 855 providissentadcommodum
1241 779 1275 836 et
1283 772 1435 836 emenda·

284 875 407 939 tionem
428 871 529 957 regni,
544 871 599 956 qui
614 882 794 955 posuerunt
807 869 967 936 Maiorem
977 871 1257 936 etAldermsnnos
1266 881 1300 936 et
1310 872 1389 936 alios
1399 872 1434 936 in

286 975 437 1052 civitate,
452 974 507 1058 qui
521 972 567 1037 ibi
582 983 811 1054 convenerant,
835 973 877 1037 sd
900 973 1071 1052 rationem,
1094 973 1122 1036 si
1136 973 1309 1038 voluerunt
1324 995 1434 1038 assen-

284 1079 346 1144 tire
361 1078 401 1142 sd
416 1098 529 1142 eorum
543 1076 773 1161 provisionem.
820 1076 929 1141 Maior
947 1097 1036 1156 vero,
1049 1087 1083 1140 et
1097 1075 1151 1140 alii
1163 1075 1272 1155 Cives,
1287 1077 1342 1162 qui
1366 1097 1433 1144 non

283 1190 463 1268 potuerunt
476 1180 594 1246 habere
610 1181 773 1245 licentiam
788 1180 877 1264 loqui
891 1179 968 1244 inde
994 1201 1068 1244 oum
1083 1179 1229 1245 Domino
1244 1181 1343 1266 Rege,
1369 1191 1434 1246 sta-

284 1285 345 1349 tim
359 1283 471 1349 habito
482 1283 568 1348 inter
580 1304 614 1346 se
625 1283 797 1368 colloquio,
812 1290 1048 1347 consenserunt
1060 1282 1101 1345 sd
1112 1281 1199 1346 illem
1214 1282 1434 1368 provisionem

284 1386 531 1464 observandam,
546 1394 581 1448 et
593 1384 657 1449 hoc
667 1385 869 1469 juraverunt,
880 1393 913 1448 et
921 1383 1065 1468 predicte
1077 1393 1163 1448 carte
1178 1383 1317 1468 sigillum
1335 1383 1434 1450 Com-

283 1509 384 1553 mune
399 1487 550 1552 Civitatis
564 1496 756 1572 posuerunt,
768 1485 865 1550 salvis
880 1495 989 1550 tamen
1005 1485 1051 1549 eis
1064 1483 1216 1549 omnibus
1230 1483 1433 1551 libertatibus

284 1602 318 1656 et
333 1588 622 1655 consuetudinibus
634 1589 718 1653 suis.
759 1589 876 1653 Postea
885 1587 1021 1673 predicti
1033 1587 1178 1653 Berones
1193 1587 1378 1654 habuerunt
1392 1589 1433 1654 de

285 1693 386 1758 disin
402 1691 488 1756 diem
502 1691 708 1776 colloquium,
724 1690 917 1775 quandoque
931 1691 972 1754 ad
987 1691 1121 1755 Novum
1135 1691 1318 1777 Templum,
1333 1713 1435 1778 quan·

286 1795 392 1879 doque
410 1792 497 1871 alibi,
518 1813 615 1878 super
639 1792 752 1857 usibus
772 1803 806 1858 et
834 1793 1122 1858 consuetudinibus
1147 1794 1238 1878 regni
1262 1795 1297 1858 in
1319 1794 1434 1859 melius

286 1895 536 1963 conformandis.
590 1897 671 1961 Post
703 1897 774 1974 hec,
810 1893 907 1961 None
945 1896 1097 1981 Augusti,
1136 1896 1279 1962 edictum
1307 1898 1371 1962 fuit
1398 1899 1434 1962 in

287 1997 439 2077 Civitste,
460 2019 502 2064 ne
524 1999 638 2083 uliquis
653 1998 694 2063 de
707 1997 829 2062 familia
844 1997 941 2082 Regis
957 2021 1017 2063 nec
1039 1998 1121 2063 alius
1136 1999 1268 2084 sliquod
1282 2009 1435 2086 caperent

285 2102 321 2167 in
345 2101 496 2181 civitate,
521 2101 584 2166 nisi
607 2122 666 2187 pro
692 2100 859 2166 voluntate
882 2102 1100 2181 venditorum,
1122 2102 1333 2168 salvatamen
1347 2112 1435 2168 recte

285 2205 373 2289 prisa
385 2203 520 2269 Domini
532 2204 630 2288 Regis
646 2203 686 2269 de
700 2204 789 2283 vino,
802 2204 934 2284 scilicet,
950 2204 991 2268 de
1006 2226 1099 2283 nave,
1114 2227 1177 2290 que
1193 2204 1291 2270 debet
1303 2205 1434 2290 plenam

285 2306 565 2386 consuetudinem,
581 2303 646 2371 duo
670 2306 763 2372 dolea
776 2307 844 2372 vini
862 2327 922 2392 pro
936 2307 981 2372 xl.
997 2307 1119 2372 solidis.
1164 2309 1210 2373 Et
1225 2309 1254 2373 si
1269 2308 1341 2394 quis
1356 2327 1435 2373 eon-

285 2415 337 2474 trs
346 2409 410 2474 boc
422 2408 532 2473 venire
541 2415 752 2494 presumeret,
767 2418 801 2473 et
814 2409 891 2474 inde
905 2411 990 2474 foret
1003 2410 1183 2490 convictus,
1200 2411 1309 2476 statim
1324 2410 1436 2496 impri-

286 2521 465 2576 sonsretur.
481 2511 562 2575 Post
568 2510 649 2574 illud
660 2531 737 2576 vero
752 2520 882 2596 tempus
891 2511 991 2577 nichil
1003 2523 1160 2598 ceperunt
1172 2513 1317 2577 Ministri
1327 2512 1436 2598 Regis,

285 2635 346 2680 nec
360 2613 475 2699 aliquis
487 2613 527 2678 de
542 2614 621 2694 suis,
637 2614 702 2678 nisi
716 2614 797 2678 illud
814 2615 849 2678 in
863 2613 953 2681 brevi
968 2615 1131 2682 solverent
1145 2617 1321 2696 venditori3
1337 2616 1436 2701 quod,

286 2717 428 2802 quidem,
442 2737 542 2802 parvo
557 2726 703 2802 tempore
719 2717 858 2781 duravit.

372 2819 395 2884 J
396 2819 541 2882 ohannes
556 2816 711 2896 Addrien‚
727 2818 914 2902 Drsparius.
1449 2812 1656 2926 ffilviiidpfix

373 2921 458 2985 item
474 2919 637 2983 Robertus
653 2918 693 2983 de
709 2917 911 2982 Corenhelle.
1446 2893 1582 3005 ΜΨ

330 3023 405 3087 Hoc
419 3043 506 3086 anno
521 3020 643 3086 electus
660 3019 767 3084 Maior
781 3019 950 3086 Johannes
976 3019 1017 3085 de
1033 3018 1195 3098 Gizoreio‚
1222 3030 1259 3086 et
1281 3020 1379 3087 etiam
1399 3023 1435 3088 in

286 3123 432 3189 absentia
447 3146 515 3188 sua.
561 3123 636 3188 Hoc
657 3143 743 3187 anno
769 3132 846 3209 post
864 3123 1102 3209 parlamentum
1127 3122 1273 3188 habitum
1295 3145 1354 3210 per
1378 3125 1435 3191 ba·

285 3245 382 3290 sones
397 3225 486 3311 apud
499 3225 828 3291 westmonasterium
842 3225 979 3290 accessit
994 3225 1094 3310 Hugo
1109 3224 1219 3310 Bygot
1232 3224 1256 3291 J
1257 3227 1435 3292 ostitiarius

286 3328 328 3392 ad
352 3328 508 3392 Sanctum
534 3327 744 3406 Salvatorem,
770 3337 805 3392 et
829 3327 987 3392 associato
1013 3347 1124 3392 secum
1148 3328 1276 3412 Rogero
1298 3329 1339 3394 de
1353 3329 1436 3395 Tur-

284 3430 394 3517 huby,
409 3430 515 3496 tenuit
528 3429 648 3495 ibidem
668 3429 777 3494 omnia
790 3429 909 3514 placitu
923 3451 986 3514 que
997 3429 1163 3515 pertinent
1180 3429 1220 3493 ad
1235 3430 1258 3495 J
1260 3431 1436 3498 ostitiarios

284 3533 474 3599 itinerantes
494 3533 528 3597 in
545 3531 712 3601 Comitstu
738 3531 894 3616 Surayhe,
924 3530 982 3596 ubi
1006 3531 1212 3616 quamplures
1236 3531 1372 3598 ballivos
1403 3544 1437 3599 et

286 3637 379 3717 ulios,
393 3636 449 3723 qui
463 3635 605 3701 convicti
618 3635 746 3700 fuerant
767 3635 808 3698 de
830 3632 1140 3719 transgressionibus
1163 3634 1257 3699 factis
1281 3635 1436 3721 subjectis

286 3741 366 3819 suis,
380 3760 448 3805 non
471 3738 676 3804 solummodo
699 3736 893 3814 amereisvit,
910 3738 968 3802 sed
989 3738 1067 3803 fecit
1087 3737 1276 3803 incarcerari
1291 3747 1359 3803 tam
1374 3740 1438 3805 cle·

286 3841 371 3905 ricos
394 3861 492 3926 quam
514 3839 624 3904 laicos.
668 3839 724 3919 Et,
750 3839 892 3923 quidem,
917 3839 1056 3905 redemit
1081 3839 1220 3923 aliquem
1241 3859 1301 3924 pro
1322 3839 1438 3925 viginti

287 3941 415 4020 marcis,
437 3953 472 4007 et
496 3941 655 4028 quosdam
678 3961 738 4027 pro
764 3942 809 4006 xl.
833 3952 868 4006 et
890 3942 1047 4029 emplius3
1082 3950 1115 4006 et
1140 3942 1347 4028 quamplures
1377 3963 1437 4028 pro

287 4063 387 4126 parva
401 4063 497 4106 causa
510 4044 595 4108 ultrs
609 4043 745 4108 modum
759 4043 913 4129 gravavit.

332 4144 373 4208 In
389 4145 452 4209 biis
466 4145 593 4231 plscitis
607 4145 757 4211 homines
772 4146 813 4213 de
830 4145 959 4213 Suvsrc
969 4155 1004 4213 st
1014 4146 1067 4211 slii
1078 4147 1119 4212 de
1130 4146 1298 4212 Comitatu
1312 4145 1439 4231 Sursys
