3920 5022
564 631 822 675 vrcscourrou
848 631 1131 676 nonoomsnuu.
1381 613 1420 675 31

272 783 336 870 legi
350 784 441 847 illum
456 782 600 847 rotulum
615 803 724 846 coram
740 781 830 846 omni
852 783 985 868 populo,
1007 782 1213 868 presentibus
1235 782 1281 847 ibi
1297 782 1425 848 Comite

272 885 488 964 Gloucestrie,
507 883 651 950 Henrico
668 884 708 950 de
724 884 784 962 Ba,
798 894 833 948 et
852 885 922 949 aliis
937 885 979 949 de
992 885 1129 951 consilio
1153 886 1289 951 Domini
1315 885 1425 970 Regis,

273 990 384 1055 dicens
400 987 486 1074 quod
503 988 576 1052 Rex
587 987 694 1053 noluit
708 987 895 1072 permittere
910 988 998 1073 quod
1013 988 1137 1053 Civitas
1153 1011 1211 1055 sua
1229 1001 1426 1075 gravaretur,

273 1093 331 1157 sed
345 1092 450 1158 voluit
464 1089 642 1168 certificari,
658 1090 713 1177 qui
728 1090 845 1155 divites
860 1089 992 1154 fuerunt
1006 1091 1166 1176 deportati
1181 1092 1215 1156 in
1229 1091 1376 1178 tallagiis,
1392 1103 1427 1159 et

272 1195 328 1281 qui
342 1215 501 1280 pauperes
516 1193 650 1278 gasati,
665 1203 700 1257 et
715 1191 742 1256 si
759 1192 868 1257 Maior
885 1199 918 1256 et
932 1191 1105 1256 consiliarii
1120 1193 1171 1256 sui
1187 1194 1227 1259 ad
1243 1216 1323 1259 usus
1347 1216 1425 1261 suos

269 1298 418 1383 proprios
443 1296 565 1380 aliquid
587 1295 628 1360 de
648 1295 784 1379 tallagiis
810 1293 1012 1379 accepissent
1023 1319 1033 1374 ;
1056 1303 1089 1359 et
1104 1297 1250 1381 precepit
1270 1296 1425 1362 omnibus

270 1398 511 1478 Aldermannis,
526 1407 565 1463 ut
579 1397 643 1483 ipsi
665 1398 700 1461 in
716 1397 857 1462 crastino
880 1417 1009 1460 summo
1036 1419 1131 1463 mane
1145 1399 1289 1465 lacerent
1305 1422 1425 1466 conre-

273 1503 343 1567 nire
357 1501 570 1565 Wardemota
585 1522 653 1564 sua.
685 1501 731 1564 Et
745 1500 866 1565 ibidem
876 1498 1026 1563 homines
1041 1499 1082 1564 de
1097 1501 1241 1586 qualibet
1254 1499 1377 1567 Warda
1390 1503 1425 1567 in

273 1603 422 1670 absentia
450 1600 664 1668 Alderrnanni
691 1602 846 1688 eligerent
868 1599 909 1664 de
935 1600 1075 1684 seipsis
1104 1601 1236 1686 triginta
1259 1624 1316 1670 sex
1338 1603 1425 1670 viros

275 1716 371 1770 antea
386 1704 537 1784 talliatos,
549 1705 604 1788 qui
619 1727 733 1770 omnes
749 1703 865 1769 eodem
879 1700 931 1766 die
947 1699 1030 1765 circa
1039 1701 1151 1766 horam
1162 1703 1300 1788 primam
1314 1705 1425 1770 venire

274 1805 430 1870 deberent
446 1805 533 1891 apud
550 1805 706 1869 Sanctum
722 1806 857 1870 Paulum
873 1825 981 1868 coram
1003 1803 1078 1889 ipso
1100 1813 1135 1868 et
1148 1805 1218 1869 aliis
1234 1805 1274 1869 de
1289 1807 1424 1871 consilio

277 1907 375 1993 Regis
397 1906 473 1971 illuc
493 1907 651 1971 missoris.
696 1907 743 1971 Ilt
757 1907 803 1972 sic
817 1907 939 1971 lactum
961 1906 1034 1970 fuit.
1077 1907 1205 1974 Quibus
1221 1908 1353 1993 triginta
1368 1931 1426 1974 sex

274 2011 352 2076 viris
383 2009 416 2073 in
447 2008 589 2075 crastino
611 2008 818 2074 venientibus
844 2009 879 2072 in
904 2007 977 2072 aula
1002 2007 1160 2094 Episcopi
1196 2010 1425 2076 Londonensis

276 2135 383 2178 coram
407 2111 560 2178 Johanne
579 2112 743 2192 Msunsel‚
764 2111 908 2178 Henrico
933 2111 973 2175 de
995 2111 1044 2176 Ba
1061 2111 1264 2193 Justitiariis,
1282 2113 1426 2179 Henrico

277 2216 316 2281 de
331 2215 526 2301 Wengbam,
542 2215 751 2296 cancellario,
767 2215 918 2301 Philippo
941 2214 1054 2292 Lovel,
1068 2215 1293 2296 Thesaurario‚
1308 2226 1341 2282 et
1356 2218 1425 2282 aliis

277 2319 316 2382 de
332 2317 467 2383 consilio
483 2317 592 2402 Regis,
608 2316 772 2401 predictus
787 2318 811 2384 J
812 2318 957 2382 ohannes
972 2315 1055 2381 dixit
1071 2326 1104 2382 et
1120 2320 1264 2406 precepit
1279 2341 1319 2386 ex
1334 2332 1425 2406 parte

276 2422 412 2486 Domini
436 2421 545 2506 Regis,
569 2431 608 2485 ut
630 2421 693 2508 ipsi
715 2422 814 2507 jurati
839 2419 1070 2486 certificassent
1095 2420 1185 2508 ipsos
1209 2443 1308 2509 super
1331 2424 1426 2490 dictis

275 2525 439 2589 articulis.¹
472 2523 539 2589 Qui
565 2523 718 2588 dixerunt
740 2524 859 2611 “quod
882 2524 1062 2589 secundum
1084 2523 1171 2610 leges
1188 2524 1337 2592 Civitatis
1359 2549 1426 2592 non

277 2625 432 2691 deberent
442 2627 550 2712 jurare
565 2628 601 2691 in
615 2628 720 2713 aliqua
734 2627 954 2713 inquisitione,
978 2627 1041 2692 nisi
1064 2627 1121 2692 ubi
1143 2630 1292 2714 jacentur
1305 2631 1372 2696 rita
1393 2639 1428 2695 et

275 2728 428 2804 membre,
438 2729 491 2792 vel
500 2728 541 2792 ad
550 2738 667 2792 terram
678 2730 877 2814 perdendam
889 2731 957 2796 sire
972 2729 1194 2795 lucrandam.''
1207 2733 1272 2798 Sed
1283 2743 1427 2798 tantum-

274 2829 373 2894 modo
391 2829 551 2914 conjurati
565 2851 624 2914 per
639 2841 887 2912 sacramentum,
903 2833 991 2917 quod
1005 2833 1152 2897 lecerunt
1163 2833 1255 2916 Regi,
1270 2845 1303 2898 et
1313 2835 1347 2899 in
1362 2834 1427 2899 fide

276 2954 339 3017 qus
360 2942 513 2996 tenentur
534 2929 608 2993 Deo
631 2939 665 2993 et
690 2930 782 3015 Regi,
808 2941 842 2995 et
864 2932 910 2996 ita
930 2933 1042 2997 multis
1060 2933 1321 3000 altercationibus
1342 2937 1428 3002 inter

278 3034 478 3099 Justitiarios
494 3041 528 3096 et
544 3031 641 3096 Cives
655 3031 758 3112 lactis,
774 3032 874 3098 nichil
887 3035 1009 3099 lactum
1024 3035 1087 3099 luit
1100 3034 1156 3099 illo
1172 3036 1235 3102 die.
1279 3040 1326 3104 Et
1339 3043 1428 3126 posi-

276 3148 331 3201 tus
354 3146 406 3200 est
428 3135 565 3201 Civibus
595 3134 720 3199 diesin
743 3137 883 3202 crastino
912 3139 1000 3224 apud
1025 3138 1223 3204 Gildhallam
1235 3164 1245 3220 3
1275 3162 1340 3227 quo
1364 3143 1428 3222 die,

277 3239 427 3304 veniente
442 3237 588 3323 predicto
611 3238 763 3303 ‚Iohanne
790 3239 943 3307 Maunsel
965 3243 1001 3307 in
1017 3243 1226 3324 Gildhallam,
1249 3267 1324 3311 cum
1350 3270 1428 3313 con·

277 3341 348 3406 silio
365 3341 474 3426 Regis,
500 3340 675 3405 noluerunt
695 3341 814 3408 iterum
834 3342 932 3410 Cives
956 3347 1112 3411 assentire
1138 3347 1179 3411 ad
1205 3348 1427 3433 juramentum

278 3446 462 3512 laciendum
490 3443 526 3508 in
562 3443 771 3529 inquisitione
810 3447 965 3532 predicta.
1026 3449 1064 3513 In
1096 3451 1273 3516 crastinum
1307 3463 1426 3534 autem,

280 3549 414 3628 scilicet,
427 3547 479 3612 die
495 3545 651 3611 Mercurii
665 3557 740 3612 ante
753 3547 1014 3615 Purificationem
1037 3551 1130 3617 beate
1147 3552 1263 3632 Marie,
1278 3556 1428 3622 veniente

278 3655 367 3738 Rege
381 3672 496 3716 versus
510 3649 852 3732 westmonasterium,
866 3653 1017 3719 exierunt
1040 3655 1149 3719 Maior
1171 3667 1206 3721 et
1220 3656 1328 3741 Cives,
1344 3661 1429 3728 sicut

278 3780 351 3822 mos
375 3765 436 3835 est,
459 3755 501 3819 ad
523 3751 732 3817 salutandum
754 3752 864 3838 ipsum
885 3777 989 3843 usque
1015 3757 1057 3822 ad
1085 3758 1344 3848 Kniwtebrigge3
1372 3766 1430 3830 sed

281 3860 352 3924 Rex
374 3859 464 3924 misit
488 3856 610 3921 ibidem
635 3854 798 3941 quendam
820 3858 1025 3944 armigerum,
1044 3861 1226 3947 precipiens
1250 3863 1296 3928 eis
1322 3886 1364 3929 ne
1383 3866 1430 3931 illi

279 3959 429 4025 venirent
462 3959 497 4024 in
520 3968 699 4045 conspectu
727 3980 798 4024 suo.
844 3960 941 4026 Unde
972 3962 1083 4027 statim
1114 3963 1222 4043 Cives,
1252 3967 1430 4034 sentientes

280 4063 402 4146 Regem
426 4070 551 4126 motum
566 4060 599 4124 in
623 4060 715 4139 iram,
729 4061 895 4126 redierunt
908 4062 949 4126 ad
963 4065 1105 4149 propria,
1121 4068 1209 4153 Rege
1231 4091 1298 4134 noo
1321 4071 1430 4138 effato.

281 4165 409 4243 Postea,
423 4163 457 4227 in
472 4161 590 4246 Vigilis
605 4160 851 4241 Purificationis,
868 4166 1136 4233 convenientibus
1153 4169 1279 4237 Maiore
1288 4181 1321 4237 et
1334 4172 1430 4238 innu-
