3886 5010
729 623 929 669 srrssnrx.
1337 607 1399 667 205

253 773 373 824 Dominus
384 775 438 824 lies
448 775 528 824 stetim
543 775 608 824 misit
617 775 649 824 sd
660 775 794 837 prediotum
806 775 900 838 Regem
920 775 1021 823 Frenoie
1040 774 1137 823 nuntios
1155 773 1295 836 solempnes,
1305 775 1404 834 seilicet,

252 855 401 917 Stsphsnnm
412 857 541 904 &neuma
552 857 773 918 Amhiepiseopum,
790 865 815 905 et
827 857 985 904 willielmum
1000 856 1167 903 humilem
1178 856 1267 916 Anglie
1275 856 1405 917 leniorem,

250 939 384 986 delmentes
393 953 474 986 neum
485 939 575 986 littores
593 939 692 986 Domini
703 939 784 1001 Regis.
818 937 882 988 cnm
893 945 975 986 sutem
985 945 1104 986 oonstnret
1123 937 1186 1000 Regi
1204 937 1305 986 Frsuoie
1316 938 1347 984 de
1362 939 1405 984 ed-

251 1026 324 1068 reutu
332 1020 433 1081 predioti
445 1019 570 1066 Willielmi
582 1019 724 1078 llsresoslli,
740 1021 863 1081 prohibuit
880 1034 911 1067 ue
922 1021 973 1081 ipse
983 1021 1076 1068 reniret
1091 1021 1117 1066 in
1128 1019 1248 1081 presentis
1257 1033 1308 1076 sus,
1319 1033 1406 1066 roosns

249 1101 328 1161 ipsum
338 1102 462 1161 peq‘umm
472 1105 496 1147 et
506 1101 564 1148 ildei
575 1115 618 1147 sue
628 1106 834 1162 trsnsgmorem,
846 1116 875 1148 eo
885 1103 951 1162 quod
963 1102 1012 1162 ipse
1020 1101 1116 1148 reoenit
1125 1101 1156 1147 sb
1167 1115 1204 1159 oo,
1214 1101 1312 1160 quondo
1322 1099 1368 1146 tais
1379 1101 1405 1146 in

250 1183 348 1243 Anglis.
366 1187 451 1229 oontre
471 1189 647 1228 sementum
667 1197 738 1228 suum
754 1188 808 1242 post
818 1188 919 1230 mortem
930 1181 1057 1240 Johsnnis,
1069 1181 1143 1244 Regis
1153 1182 1251 1244 Anglii,
1270 1189 1295 1229 et
1312 1181 1406 1228 sdhesit

250 1264 315 1310 dioto
335 1261 442 1310 ilenrico
459 1261 530 1323 Regi,
548 1263 599 1308 illio
617 1276 670 1310 suo.
705 1262 832 1320 Veniente,
851 1269 940 1318 sutem,
957 1263 1022 1309 dieto
1037 1263 1224 1324 Arolsiepisoopo
1239 1277 1320 1310 oorsus
1338 1261 1405 1324 Rege

251 1343 360 1402 Frsnoie,
370 1350 396 1390 et
405 1343 491 1389 litteris
508 1341 590 1402 Regis,
601 1357 662 1402 quse
679 1343 776 1401 toleret,
786 1343 854 1390 lestis
872 1349 896 1390 et
914 1343 1049 1400 intellectis,
1070 1342 1122 1390 Rex
1134 1342 1244 1402 Frende,
1261 1343 1313 1390 slne
1323 1343 1406 1403 sliqno

251 1425 370 1485 oolloqnio
378 1438 435 1471 oum
443 1423 542 1470 oonsilio
553 1437 596 1470 suo
607 1423 698 1481 hsbite,
707 1424 788 1470 stetim
799 1424 930 1485 respondit,
938 1423 1029 1481 dioens,
1046 1424 1061 1450 ‘⁴
1069 1423 1133 1479 Quis
1144 1422 1293 1484 RenAnglie
1303 1423 1404 1471 los-mem

251 1507 316 1567 psois
326 1507 389 1552 inter
400 1519 442 1551 nos
452 1505 615 1564 oompositsm,
624 1505 721 1565 quondo
732 1505 767 1551 isi
786 1506 812 1552 iu
830 1505 928 1565 Anglis,
939 1519 988 1553 non
1005 1505 1145 1563 observerit,
1163 1505 1310 1564 suspendens
1328 1507 1405 1552 eirem

253 1587 443 1634 londoniensem
458 1587 510 1632 sino
518 1587 619 1646 judicio,
631 1585 816 1634 Constsutinnm
834 1587 939 1644 nomine,
956 1587 1034 1633 illium
1053 1587 1137 1644 Alnlil,
1154 1587 1260 1647 eoquod
1277 1601 1333 1634 oum
1351 1587 1405 1634 eliis

253 1667 461 1716 londoniensibus
476 1667 536 1712 mihi
554 1666 665 1724 sdlresit3
680 1668 735 1714 ideo
746 1681 795 1714 uon
806 1673 889 1714 teneor
907 1669 973 1714 illsm
991 1668 1185 1728 oompositionem
1204 1667 1269 1728 psois
1280 1668 1312 1714 de
1325 1673 1404 1714 oeteso

252 1755 341 1797 tenere.
374 1748 422 1795 Sed
438 1747 610 1794 Normsnnism
629 1761 686 1794 oum
704 1749 773 1794 terris
791 1749 963 1809 edjsoentibus,
979 1763 1038 1809 ques
1052 1754 1119 1810 peter
1133 1762 1201 1794 moos
1217 1747 1276 1794 mihi
1290 1747 1404 1808 reliquid,

253 1830 306 1878 solo
323 1830 450 1890 possidere,
467 1834 492 1875 et
507 1833 598 1875 oeteres
614 1833 688 1875 terres
705 1827 780 1890 Regis
797 1828 887 1889 Anglie
903 1829 1042 1876 cismsrinss
1059 1829 1113 1876 solo
1129 1829 1267 1890 perquirere
1281 1842 1324 1890 pro
1338 1843 1406 1890 pomo

253 1915 334 1959 meo.”

285 1993 348 2039 Cum
357 1992 409 2050 tali,
417 2006 480 2050 sero,
490 2005 601 2051 responso
611 1990 693 2038 hsbito
703 1997 729 2037 et
737 2005 786 2038 uon
797 1993 845 2039 slio
855 1993 951 2039 rsoessit
961 1991 1079 2039 Dominus
1090 1989 1295 2054 Arohlepisoopus,
1305 1997 1330 2039 et
1340 1993 1406 2040 seuit

251 2077 277 2122 in
288 2074 419 2135 Anglism5
435 2079 460 2120 et
470 2074 504 2119 its
518 2073 598 2119 dietus
614 2072 666 2120 Rex
678 2072 779 2121 Frsuoie
795 2074 967 2120 Normsnnisns
982 2087 1038 2120 eum
1052 2074 1203 2134 pertinentiis
1213 2079 1237 2120 et
1247 2072 1335 2120 multus
1345 2074 1404 2121 sliss

250 2163 333 2214 terres,
354 2171 414 2216 ques
434 2161 516 2216 postes
534 2154 682 2216 perquisivit,
700 2155 805 2214 possedit
822 2155 933 2202 omnibus
954 2156 1039 2202 diebos
1058 2156 1105 2202 rite
1127 2169 1169 2202 sue
1190 2161 1215 2203 et
1233 2154 1338 2216 reliquid
1352 2155 1405 2203 ilius

252 2239 391 2300 laodewyeo,
401 2239 451 2285 illio
461 2253 513 2296 suo,
523 2243 577 2298 post
586 2250 642 2282 eum
654 2235 717 2298 Regi
727 2236 836 2285 Frnnoie.

330 2409 335 2477 Ι
350 2411 416 2460 Visio
426 2425 499 2472 quem
512 2411 601 2458 Bestns
609 2409 758 2458 lisdesrdus
768 2409 829 2457 vidit
836 2409 862 2456 ln
873 2409 964 2458 ultimis
974 2410 1023 2458 rite
1032 2425 1075 2458 sue
1086 2411 1172 2460 diebus
1182 2411 1208 2459 ln
1219 2411 1330 2474 sompnis.
1406 2421 1446 2482 so,
1459 2417 1490 2466 41
1499 2425 1530 2468 ρ,

1435 2485 1565 2536 amis.

284 2556 358 2603 Anno
382 2555 557 2602 inum-notionis
582 2553 680 2601 Domini
707 2553 790 2602 ll0.lx⁰
814 2560 882 2602 sexto
901 2555 991 2602 Bestsss
1016 2554 1165 2604 Esdwsrdus
1191 2556 1324 2614 OonInor,
1347 2569 1405 2603 oum
1418 2485 1433 2546 (
1544 2486 1582 2548 J)

250 2642 370 2696 regnemus
381 2637 441 2682 xxiii
451 2637 529 2692 snnb,
540 2635 662 2681 mensibus
672 2635 704 2692 ri,
714 2641 739 2680 et
750 2635 816 2682 xxvii
828 2635 920 2692 diebos,
931 2636 1041 2682 dediuste
1052 2636 1160 2684 Euolesis
1168 2635 1370 2684 westmoossterii
1379 2636 1404 2682 in

250 2717 309 2761 resto
320 2716 497 2771 Iunooeniium,
514 2728 587 2773 qosm
598 2715 648 2773 ipse
659 2719 832 2768 oonstruxsrst,
849 2713 935 2760 ultimo
944 2728 1009 2760 enno
1019 2715 1088 2774 regni
1097 2715 1143 2772 sui,
1155 2715 1236 2761 stetim
1246 2720 1300 2774 post
1310 2715 1405 2761 dediest·

250 2797 339 2841 tionem
357 2795 463 2854 ejusdem
483 2792 588 2840 Eoolesie
607 2792 744 2838 infirmitste
762 2797 892 2851 oorreptos,
910 2793 997 2839 oooidit
1016 2793 1042 2838 in
1059 2793 1155 2841 loetum.
1197 2793 1246 2850 Qui
1262 2795 1406 2841 infirmioris

250 2875 317 2935 grsri
328 2875 409 2922 dolore
419 2876 482 2934 oepit
492 2874 594 2934 ndgsri,
612 2875 645 2920 its
660 2873 726 2932 quod
737 2873 786 2918 lere
796 2873 870 2919 biduo
884 2873 980 2933 jsoebet
992 2873 1061 2932 qussi
1075 2874 1210 2931 minin
1228 2875 1325 2921 isndem
1335 2875 1404 2934 qussi

251 2957 283 3003 de
298 2955 364 3016 grsri
380 2969 480 3015 sompno
492 2953 614 3014 erigilsns,
634 2953 728 3014 speruit
745 2952 827 3000 oeulos
843 2959 868 2998 et
886 2953 982 3011 resedit,
1000 2953 1131 3012 eruemus
1148 2953 1173 2998 in
1188 2953 1266 3000 uelum
1283 2955 1401 3012 menibus,

250 3038 266 3062 “
276 3037 367 3095 Deos,’'
386 3037 480 3096 inquid,
499 3038 515 3062 ‘⁶
524 3034 685 3096 omnipotensl
707 3034 733 3080 in
752 3035 822 3095 ouius
838 3035 928 3081 ditione
942 3039 1030 3081 ounote
1039 3041 1097 3080 sunt
1110 3035 1195 3095 posits,
1213 3040 1238 3082 ot
1248 3035 1314 3082 nosci
1324 3035 1405 3082 omnis

251 3124 382 3178 sutequem
392 3117 488 3176 fient,si
499 3131 535 3172 es,
548 3130 595 3176 que
606 3115 665 3162 mihi
676 3115 780 3162 revolsis
793 3121 858 3174 sunt,
868 3129 900 3162 ex
911 3115 1014 3162 ves-iistis
1024 3121 1066 3162 tue
1076 3114 1130 3162 luoe
1146 3121 1317 3175 prooesserunt,
1326 3121 1406 3176 presto

252 3199 303 3246 νοοῖ
322 3214 375 3246 mse
389 3213 471 3246 rocem
482 3199 583 3256 virtutis,
594 3205 622 3244 nt
632 3211 740 3244 ensrrem
750 3196 869 3244 mirabilia
878 3203 929 3254 tus,
941 3202 966 3243 et
977 3198 1077 3254 diseunt,
1093 3197 1136 3257 qui
1147 3211 1185 3245 nse
1195 3197 1305 3254 sudiunt,
1321 3197 1405 3244 timere

251 3285 275 3326 te
286 3280 312 3326 in
322 3281 407 3340 spiritu
425 3279 574 3336 humilitatis,
592 3285 617 3326 et
633 3279 714 3326 sniuso
725 3279 828 3326 eontrito
839 3277 934 3338 plsosre
949 3277 1035 3326 ieoiem
1050 3283 1126 3338 tunm,
1141 3284 1170 3326 ut
1183 3279 1289 3339 penitest
1299 3283 1323 3326 te
1333 3291 1406 3339 super

252 3361 324 3420 melo,
335 3362 401 3421 quod
411 3361 555 3422 proposuisti
566 3360 643 3406 leeere
654 3359 743 3420 populo
754 3359 837 3406 huio.''

286 3443 350 3489 Mire
360 3457 398 3490 res
408 3443 415 3491 l
434 3443 475 3488 rix
486 3441 588 3489 orstioni
598 3441 671 3488 finem
682 3441 780 3487 dederet
792 3445 816 3486 et
826 3441 894 3487 eooel
913 3440 988 3486 robur
998 3439 1091 3500 eorpori
1101 3447 1127 3487 et
1141 3440 1192 3487 roei
1203 3439 1278 3487 virtus
1295 3441 1405 3499 sesessit,

250 3523 346 3572 resolvit
365 3523 473 3584 lingosus
489 3521 574 3581 gretie,
596 3534 669 3581 quem
690 3521 801 3568 rinserst
822 3521 939 3582 egntudo.
983 3519 1113 3581 Anumpin
1137 3521 1211 3582 igitur
1231 3521 1352 3582 pssobole,
1368 3523 1405 3568 rir

252 3607 335 3652 bessus
346 3605 418 3652 reiert
428 3603 567 3666 hujusmodi
579 3603 701 3661 visionem,
712 3602 803 3660 dioem,

285 3690 301 3714 ‘⁶
312 3689 374 3735 Cum
391 3687 529 3735 edolesoens
547 3686 573 3732 in
593 3685 742 3732 Normsnnis
760 3684 892 3742 uulnus,
912 3688 981 3745 grets
998 3683 1059 3730 mihi
1075 3697 1170 3746 semper
1186 3684 1266 3732 extitit
1284 3685 1402 3732 bonorum

252 3769 358 3814 virorum
369 3768 475 3815 smioitis
484 3773 509 3814 et
519 3766 684 3828 religiosorum
694 3765 800 3813 risorem
816 3765 940 3822 sunnonis,
952 3765 1015 3813 inter
1027 3779 1087 3825 quos
1097 3765 1158 3812 duos
1165 3766 1257 3813 rstioue
1270 3766 1404 3814 ssnotitstis

251 3853 276 3893 et
287 3848 351 3893 bone
363 3847 547 3895 oouversstionis
557 3863 640 3896 eorum
657 3847 783 3909 spoeislins
793 3852 818 3893 et
828 3847 977 3907 moestius
987 3846 1118 3894 risitebsm.
1152 3846 1211 3906 Hos,
1223 3861 1286 3905 sero,
1294 3846 1404 3907 pluribus

252 3927 324 3973 snnis
334 3929 459 3975 trsnssotis
470 3929 501 3974 de
511 3929 556 3976 hoo
565 3930 645 3977 seoqu
655 3929 781 3978 trsnslstos
792 3929 841 3975 ridi
852 3943 917 3976 nuno
927 3928 1000 3990 psulo
1010 3923 1067 3974 soie
1077 3927 1102 3972 in
1113 3927 1218 3988 sompnis
1228 3927 1288 3974 milri
1297 3927 1404 3974 resistere

253 4005 313 4066 quid
324 4006 391 4066 genti
402 4021 455 4054 mee
467 4014 520 4068 post
534 4023 616 4057 meum
623 4010 716 4057 obitum
726 4011 757 4057 sit
768 4010 877 4057 loturum
888 4024 919 4057 ex
932 4010 977 4056 Dei
988 4008 1101 4056 msndm
1111 4007 1246 4056 referem
1279 4008 1294 4033 ‘⁴
1302 4007 1405 4068 impletu

252 4087 313 4146 ut,”
320 4085 414 4146 dieunt,
425 4085 581 4147 “sagiorum
589 4090 704 4150 nequitis,
712 4103 815 4150 quornm
823 4088 1004 4150 iniquis-siren
1010 4091 1130 4148 provoost,
1138 4088 1267 4136 sindiotsm
1272 4087 1404 4146 moelem
