3856 5038
450 531 561 596 lxxviii
966 552 1145 598 rnsrsor.

451 706 583 762 omnibus
606 703 739 761 exitibus.
790 703 899 762 Dicunt
920 705 1004 762 etism
1028 703 1105 782 quod
1129 702 1252 762 lsubells
1277 701 1313 760 ds
1342 699 1475 758 Fortibus
1503 698 1656 760 Comitisss

452 800 625 858 Albemsrlie
641 809 670 856 et
689 800 818 858 Devonie
840 821 875 860 uo
896 801 1020 858 Domine
1042 802 1138 859 lnnrle
1159 809 1204 858 est
1227 799 1309 856 heres
1333 799 1516 875 propinquior
1536 796 1653 873 predicti

452 897 606 954 Buldewini
627 905 655 953 et
669 897 783 973 predicti
797 899 914 956 mouerii
936 899 971 956 de
988 899 1109 977 Pyshoo,
1122 908 1151 956 et
1164 907 1207 954 est
1220 897 1301 973 plene
1314 896 1406 952 etatis
1446 895 1555 952 Dicunt
1569 895 1654 950 etiarn

452 993 527 1068 quod
541 993 665 1068 predicta
680 993 846 1070 Murguretn
859 995 951 1053 nullus
964 1005 1054 1054 terras
1068 997 1158 1054 tenuit
1172 996 1201 1052 in
1217 991 1417 1054 Subriotvorth
1431 992 1485 1048 nisi
1498 1011 1549 1068 per
1558 991 1653 1048 dotem

454 1096 574 1156 tuntum,
588 1090 722 1164 usquein
736 1091 869 1147 comitutu
885 1089 1077 1148 Hertfordle.”

492 1183 555 1241 The
573 1184 649 1242 third
663 1187 824 1261 inquisition
846 1187 931 1245 isl'or
952 1187 1000 1245 the
1018 1207 1119 1246 monor
1132 1187 1166 1246 ot
1182 1186 1332 1256 vsuxhrlt,
1347 1204 1380 1245 or
1395 1185 1486 1246 South
1501 1184 1649 1252 hubert,

453 1301 525 1340 eom.
540 1281 704 1359 surrey:-

491 1378 664 1453 “inquisitio
677 1387 758 1454 nupta
769 1378 844 1455 apud
859 1377 931 1438 Suth
946 1379 1088 1438 hmbeth
1101 1380 1137 1437 de
1150 1381 1232 1436 terris
1246 1389 1276 1437 et
1288 1379 1454 1437 metuentis
1467 1397 1523 1454 qne
1535 1377 1653 1436 fluerunt

452 1473 617 1550 Margarete
631 1474 665 1532 de
682 1475 807 1552 Ripuriis
821 1475 865 1532 die
879 1476 944 1534 lune
956 1478 985 1534 in
998 1477 1095 1552 vigilis
1114 1477 1278 1535 Natiuitatis
1302 1476 1397 1536 Srnoti
1417 1475 1556 1534 Johnnnis
1579 1475 1653 1551 Bup-

450 1573 516 1629 tiste
531 1570 587 1650 (28
601 1569 692 1646 June)
706 1589 780 1630 anno
794 1572 873 1648 regui
889 1572 977 1648 Regis
999 1571 1131 1630 Edwardi
1146 1574 1196 1629 11⁰
1208 1591 1259 1648 per
1271 1572 1309 1629 xii
1327 1573 1439 1648 juratos
1452 1571 1488 1628 de
1507 1569 1654 1628 hundredo

451 1669 486 1726 de
502 1668 670 1746 Bryxeston,
683 1667 814 1725 videlicet
827 1668 849 1728 J
851 1668 969 1726 ohannis
982 1668 1009 1726 le
1025 1667 1171 1736 Ermener‚
1184 1671 1236 1724 de.
1278 1667 1336 1730 Qui
1350 1667 1447 1725 dicunt
1461 1687 1545 1743 super
1558 1686 1653 1725 ssen-

450 1774 579 1822 mentum
597 1783 679 1822 suum
702 1764 778 1840 quod
797 1765 915 1842 capitale
932 1766 1121 1840 messuagium
1143 1783 1208 1821 oum
1230 1764 1350 1840 gardino
1369 1763 1444 1840 epod
1467 1763 1652 1822 Fsuleshslle

449 1977 554 2015 sonum
568 1957 642 2015 iiiid·
684 1957 799 2016 Summo
819 1957 913 2016 xxiiia.
926 1957 1011 2016 viiia.
1053 1956 1126 2014 Item
1148 1965 1214 2014 sunt
1234 1955 1336 2014 ibidem
1357 1957 1422 2013 xxix
1442 1976 1506 2014 sore
1525 1957 1609 2032 prati,
1622 1965 1652 2014 et

450 2055 526 2113 valet
538 2073 604 2112 aera
617 2073 667 2131 per
679 2071 787 2112 annum
801 2053 858 2111 iiis.
900 2053 1017 2113 Summa
1030 2053 1105 2111 iiiili.
1118 2054 1186 2112 viis.
1228 2052 1300 2111 Item
1318 2053 1444 2111 redditus
1465 2055 1546 2111 assiri
1563 2054 1651 2111 libers

450 2267 556 2306 annum
569 2247 655 2305 xiiili.
669 2247 745 2307 viiie.
757 2246 820 2305 nid.
835 2247 879 2305 oh.
893 2247 983 2326 quad.
1025 2246 1121 2323 Opere
1142 2248 1374 2305 custrmsriorum
1388 2267 1438 2323 per
1451 2266 1555 2305 sunum
1566 2247 1652 2305 nichil

449 2345 545 2402 vsleut
558 2363 607 2421 per
620 2344 696 2420 quod
714 2352 829 2420 possent
847 2343 967 2411 extendi,
982 2345 1050 2420 quis
1067 2343 1132 2421 plus
1153 2345 1261 2420 capitur
1282 2363 1334 2421 pro
1352 2365 1436 2422 opere
1449 2364 1535 2420 quum
1549 2345 1651 2404 volent·

449 2441 521 2499 Item
534 2441 637 2518 placitu
649 2449 679 2499 et
702 2439 854 2517 perquisito
875 2441 950 2498 oriris
964 2441 1059 2499 volent
1079 2460 1128 2517 per
1147 2443 1323 2500 snnnmiiir.
1336 2442 1420 2500 viiid.
1460 2441 1533 2499 Item
1557 2441 1648 2500 heriet

448 2547 476 2595 et
499 2537 634 2595 relevium
658 2555 836 2613 perannum
860 2537 955 2595 volent
978 2538 1046 2596 iiiir.
1088 2538 1126 2595 Et
1147 2537 1222 2596 velet
1243 2540 1398 2596 manerium
1422 2538 1578 2614 predictum
1601 2557 1650 2615 per

448 2653 553 2692 annum
566 2635 596 2694 in
609 2635 736 2691 ommhus
750 2633 870 2691 exitibus
884 2633 968 2691 xxiii
981 2633 1058 2692 viiie.
1071 2632 1144 2691 viid.
1158 2633 1203 2692 oh.
1213 2655 1242 2714 q.
1285 2634 1323 2691 Et
1343 2634 1469 2711 predicto
1485 2634 1650 2711 Murgsrets

447 2731 538 2788 tenuit
550 2731 704 2807 predictum
723 2731 878 2790 manerium
898 2731 1011 2790 nomine
1024 2730 1097 2788 dotis
1111 2750 1145 2788 ex
1159 2731 1300 2790 doutione
1314 2732 1478 2810 Buldewyui
1493 2730 1528 2789 de
1544 2731 1648 2799 Insuls,

448 2829 567 2888 Comitis
590 2828 624 2888 de
649 2829 754 2900 Insula,
773 2829 916 2907 quondam
937 2830 990 2888 viri
1014 2831 1058 2888 sui
1082 2829 1116 2888 de
1137 2829 1291 2890 hereditate
1317 2830 1439 2889 Isabelle
1458 2831 1493 2889 de
1516 2830 1648 2888 Fortibus

448 2928 598 2988 Comitisse
622 2926 804 2985 Albemnrlie.
853 2925 926 2984 Item
948 2926 1045 2985 dieunt
1067 2927 1143 3004 quod
1157 2929 1281 3004 predicta
1306 2927 1427 2985 Isubells
1450 2936 1493 2984 est
1517 2947 1596 2985 soror
1620 2935 1650 2985 et

445 3120 520 3177 idem
542 3121 697 3176 manerium
721 3120 755 3176 de
776 3120 889 3176 domino
908 3118 989 3193 Rege
1011 3119 1041 3174 iu
1063 3120 1154 3194 capite
1175 3137 1227 3192 pro
1250 3116 1393 3191 homagio.
1433 3118 1468 3174 ln
1489 3118 1579 3192 eujus,
1597 3125 1649 3178 dre.

446 3214 592 3282 Indorsed,
609 3215 722 3271 Surreia
735 3233 786 3288 pro
800 3213 921 3270 Isshellu
935 3213 969 3270 de
984 3213 1115 3270 Forhhus
1132 3213 1283 3271 Comitissa
1297 3212 1496 3272 Albernsrlie.''

488 3310 609 3367 Extents
623 3309 656 3366 ol
665 3307 745 3366 three
759 3327 873 3366 manors
886 3309 916 3364 in
931 3307 1104 3385 Hampshire
1117 3309 1221 3379 follow,
1237 3309 1450 3380 Christehuroh‚
1467 3311 1650 3384 Freshwoter,

445 3405 662 3473 andWroxa113
682 3402 730 3462 the
744 3414 799 3463 two
812 3404 867 3462 lust
879 3405 909 3461 in
923 3403 972 3462 the
986 3404 1042 3462 Isle
1056 3405 1090 3463 οἱ
1101 3405 1210 3483 Wight.

486 3502 635 3561 “Extents
650 3503 766 3560 manerii
785 3502 820 3560 de
834 3502 942 3561 Christi
962 3502 1078 3561 ecclesis
1092 3505 1121 3561 iu
1143 3505 1279 3562 comitutu
1302 3503 1488 3564 Suthsntouie
1501 3507 1577 3584 quod
1591 3508 1647 3566 suit

445 3599 609 3674 Margarete
622 3599 657 3656 de
674 3599 796 3676 ilipuriis
810 3600 951 3675 quondam
965 3601 1114 3661 Comitisse
1126 3601 1263 3670 Devonie,
1275 3602 1351 3660 luctu
1365 3602 1410 3660 die
1423 3602 1505 3661 Jovis
1518 3605 1646 3679 proximo

443 3705 508 3774 post
521 3696 624 3753 festum
636 3695 732 3755 Sunoti
742 3695 872 3756 Barnabe
885 3698 1019 3775 Apostoli
1031 3699 1116 3774 (luth
1127 3697 1220 3777 June)
1230 3718 1305 3756 anno
1316 3701 1397 3776 regni
1407 3699 1496 3776 Regis
1512 3701 1645 3759 Edwardi

445 3793 588 3862 vicesimo,
602 3813 652 3870 per
670 3802 875 3852 sacramentum
895 3795 1003 3871 Rogeri
1021 3795 1056 3852 de
1070 3795 1208 3864 Booloud,
1220 3800 1273 3853 tto.
1286 3797 1334 3872 qui
1349 3795 1446 3854 dicunt
1458 3816 1542 3873 super
1553 3817 1646 3856 sacru·

443 3897 569 3947 mentum
590 3910 672 3948 suum
692 3893 768 3968 quod
793 3892 958 3969 Margaretu
980 3892 1015 3950 ds
1038 3891 1170 3971 Rypariis
1191 3893 1281 3950 tenuit
1301 3895 1455 3951 manerium
1477 3895 1512 3953 de
1535 3895 1644 3953 Christi

442 3987 560 4046 ecclesis
573 3990 685 4047 nomine
699 3989 772 4047 dotis
786 3990 821 4048 de
842 3990 964 4048 Isabells
979 3990 1132 4049 Comitisss
1147 3991 1321 4049 Albemsrlie
1335 4000 1364 4049 et
1374 3993 1487 4050 domins
1501 3992 1596 4050 Insule
1610 3994 1646 4050 de

436 4082 553 4143 domino
568 4084 648 4162 Rege
661 4085 691 4144 iu
704 4087 795 4163 capite
809 4105 859 4163 per
872 4087 1020 4146 servicium
1035 4087 1163 4165 scutagii.
1204 4086 1277 4146 Item
1287 4088 1386 4147 dieunt
1399 4089 1477 4165 quod
1489 4089 1644 4166 predictum
